2708 4636
541 316 844 380 ...μ-

113 421 126 449 Ι

145 475 288 555 inemo,
302 484 373 561 &pro
392 455 608 556 simplicitate
630 465 741 533 inanis
764 468 911 556 pompeo
926 469 1122 554 ostentatio,
1143 479 1207 561 pto

163 576 277 644 stativa
299 570 552 662 pulchritudine
574 568 673 635 fucus
695 579 796 655 aupue
823 568 938 655 putida
961 573 1126 658 quaedam
1143 574 1206 639 sd²

162 674 324 746 sectatio
313 699 351 741 ιιι
366 674 444 757 vita,
454 672 608 739 moribus
623 673 784 757 omnique
799 673 964 758 adparatu
979 690 1057 742 cunt
1067 676 1205 765 publico

155 777 237 848 Ιιἰιιιι
262 780 397 868 privato
418 785 499 844 sunt
518 775 733 862 quotidiana3
754 777 864 842 multa
875 776 970 842 domi
983 775 1160 864 forisque
1148 801 1206 844 ιιι-

111 955 114 959 ,
161 896 259 981 epte.
281 878 681 966 insulsaatqueinficets
685 878 851 952 audimus,
868 879 977 945 multa
993 892 1202 969 spectamus.

160 994 225 1079 per
241 1006 328 1071 quae
340 993 388 1051 tot
399 981 641 1071 impedimenta
655 981 698 1049 ed
712 1003 831 1052 verum
846 979 1043 1066 elegantiam
1057 1004 1200 1048 sanum-

159 1109 228 1175 que
250 1084 384 1175 pulchri
401 1084 565 1171 judicium
584 1084 640 1150 vel
659 1081 845 1149 nitentibus
871 1103 975 1168 quam
998 1081 1135 1150 difficile
1150 1093 1200 1150 est

157 1189 239 1260 iter!
269 1191 396 1259 Eorum
410 1201 708 1255 autemsummsm
722 1183 749 1250 si
764 1185 929 1274 possimus
943 1183 1099 1252 minuere
1107 1231 1118 1268 ,
1139 1207 1199 1254 our

158 1294 321 1369 nolimus,
338 1290 494 1379 equidem
507 1313 592 1380 paru
598 1311 636 1383 ιιι
651 1287 812 1378 intelligo.

106 1397 109 1404 '
162 1423 165 1428 ·
248 1393 339 1482 Quid
362 1394 451 1480 quod
475 1417 519 1459 ne
540 1395 578 1458 in
602 1391 654 1459 -his
679 1391 816 1478 quidem
829 1390 970 1481 puerilis
985 1414 1024 1457 ec
1037 1386 1201 1456 domesti-

158 1519 220 1564 eae
249 1498 339 1568 vitae
363 1496 576 1578 cautionibus
596 1504 711 1559 nostra
739 1494 888 1561 subsistit
909 1496 1040 1564 oratio'l
1083 1494 1201 1580 Neque

160 1599 252 1665 enim
274 1600 359 1666 mihi
382 1601 461 1666 satis
476 1610 549 1679 est,
571 1594 708 1661 infantis
721 1596 826 1664 oculis
839 1599 1046 1685 auribusque
1060 1618 1199 1664 omnem
1227 1626 1235 1643 ι

143 1703 271 1770 ¹severi
292 1704 541 1790 corruptelam,
564 1698 628 1766 nisi
648 1697 749 1764 simul
768 1697 811 1764 eli
826 1698 897 1784 ejus
911 1722 1053 1787 corpore
1067 1698 1201 1766 animo·

158 1812 227 1892 que
238 1805 442 1870 removerim
456 1805 546 1870 vitae
559 1801 725 1868 mollioris
741 1812 844 1888 atque
858 1802 1056 1873 luxuriosae
1069 1813 1202 1891 pestem
1245 1794 1248 1798 ⁴

160 1905 267 1991 magis
280 1905 375 1969 illam
392 1904 505 1968 adhuc
522 1904 757 1993 perniciosum.
800 1903 839 1970 ld
854 1925 919 1992 quo
933 1906 1118 1996 pertineat,
1140 1919 1206 1970 neb

156 2006 291 2071 minem
324 2002 432 2085 fugiet
461 2026 595 2083 eorum,
640 2005 697 2092 qui
718 2007 964 2093 intellexerint,
1012 2017 1139 2093 quanta
1159 1998 1201 2069 sit

161 2116 334 2192 quareque
356 2104 540 2168 necessaria
561 2106 762 2188 conspiratio
786 2130 905 2177 sensus
919 2123 953 2174 et
966 2132 1033 2194 quo
1049 2104 1200 2195 corporis

162 2217 197 2271 et
212 2205 306 2270 illius
326 2226 393 2290 quo
408 2202 515 2271 animi
529 2207 686 2292 voluptas
701 2206 879 2287 judicatur.
923 2209 1085 2298 Quorum
1099 2210 1136 2274 in
1149 2206 1203 2293 sl·

158 2321 236 2376 tero
252 2328 338 2393 quae
353 2303 472 2372 existet
486 2307 668 2396 corruptio,
690 2307 733 2376 sd
748 2307 892 2374 alterum
909 2310 1096 2373 necessaria
1111 2326 1201 2393 qua·
1283 2390 1288 2397 .

158 2411 239 2477 dam
261 2419 375 2498 serpet
392 2409 598 2497 contagione.
634 2411 752 2498 Neque
769 2410 860 2476 enim
876 2410 1203 2501 fieriprofec‘to'po-
1284 2489 1293 2500 .

158 2524 242 2592 test,
286 2511 368 2598 quin
392 2509 459 2592 illi,
502 2511 557 2579 oui
585 2512 622 2578 iu
644 2515 736 2579 cultu
758 2513 913 2602 rictuque
933 2514 1071 2582 sordere
1092 2510 1231 2608 coepit

156 2615 267 2682 omnis
285 2612 453 2703 naturalis
473 2613 686 2704 simplicitas,
707 2619 803 2684 nulle
824 2638 962 2705 quoque
983 2618 1069 2684 vel
1058 2639 1095 2685 ιιι
1114 2616 1202 2684 arti*

155 2717 224 2784 lius
244 2716 332 2783 vel
322 2739 358 2780 ιιι
384 2716 572 2803 eloquentia
593 2730 627 2782 et
648 2718 745 2812 poesi
767 2719 898 2819 placeat
924 2735 957 2787 et
975 2718 1201 2787 vernetum

157 2822 240 2906 plex
252 2829 286 2883 et
301 2819 463 2882 naturalis
467 2819 705 2907 pulchritudo.
749 2820 836 2888 Nam
852 2833 887 2887 et
896 2821 1072 2887 adfectatio
1087 2821 1201 2887 omnis

92 2999 94 3005 ,
158 2934 237 2990 oum
254 2923 291 2986 in
306 2918 453 2985 vestibus
469 2931 528 2984 aut
542 2918 759 3008 supellectili,
782 2933 857 2987 tum
869 2923 905 2987 in
918 2923 1013 2989 libris
1024 2922 1070 2989 ab
1083 2910 1203 2989 eadem

156 3020 389 3116 proficiscitur
412 3018 537 3116 judicii
560 3023 799 3109 perversitate,
838 3035 873 3087 et
891 3024 1012 3112 quibus
1037 3046 1103 3113 pro
1126 3023 1203 3105 cibo

158 3138 246 3195 sunt
254 3120 770 3203 condimente,”usillsdeu1um
784 3138 880 3212 grata
895 3127 1093 3209 oritorum,
1116 3106 1205 3214 queis

72 3248 78 3303 ζ
158 3227 404 3296 sententiarum
428 3224 585 3290 acumine
601 3238 636 3291 et
650 3227 816 3318 corruptis
829 3230 1000 3296 sensiculis
1015 3230 1218 3297 antithetis?

159 3352 230 3417 que
260 3350 379 3394 aurem
406 3326 479 3390 sine
499 3329 618 3413 requie
636 3327 757 3408 feriat,
783 3341 893 3416 neque
911 3331 942 3398 is
958 3334 1043 3402 mihi
1064 3318 1205 3401 omnino

126 3467 128 3472 s
159 3434 272 3524 stilum
298 3427 453 3522 prebebit
473 3440 632 3515 gravem,
653 3430 840 3518 simplicem
854 3435 1126 3521 ‘itqueri'rilem
1149 3430 1203 3500 otil

160 3534 197 3598 iu
220 3533 287 3598 vita
305 3528 442 3597 nonnisi
460 3532 654 3612 luxuriosa,
676 3532 834 3617 delicate,
856 3536 1085 3623 mollia-atque
1100 3531 1203 3602 en'drl.

161 3632 453 3719 vatoplucuerint.
470 3668 472 3673 ·
485 3634 535 3700 ·1d
549 3629 706 3722 inprimis
722 3637 845 3701 docent
854 3638 969 3704 variae
982 3639 1073 3724 apud
1085 3633 1202 3704 divort

160 3758 215 3802 sos
245 3732 388 3822 populos
418 3736 631 3823 eloquentiae
656 3745 768 3822 etque
786 3759 926 3828 poeseos
951 3738 1200 3808 conversiones:

109 3838 112 3846 ’
161 3859 249 3927 quae
274 3835 399 3920 ubique
418 3861 498 3933 cum
520 3837 671 3905 moribus
693 3838 795 3908 simul
814 3853 848 3908 et
867 3843 994 3910 mutari
1001 3852 1201 3945 coeperunt,
1232 3850 1243 3861 ‘

163 3953 199 4006 et
220 3941 434 4026 depravatae
443 3955 524 4008 sunt
546 3953 579 4008 et
593 3940 773 4008 extinctae.
815 3946 919 4016 Velut
931 3948 1020 4036 apud
1037 3950 1204 4033 Romanos
1225 3982 1228 3989 ·
1281 3984 1286 3995 =

143 4044 346 4134 praecipue
373 4040 548 4114 Neronum
572 4050 701 4131 notate,
737 4066 817 4113 cum
843 4064 983 4128 morum
1011 4044 1210 4164 depravatio
