2708 4636
351 327 873 420 '‚,'--·-·,2o··-.-·

112 550 117 605 3
193 527 255 582 aut
281 504 448 602 significat
478 523 644 578 constaret
703 511 846 601 Proprie
874 511 1012 602 quidem
1043 519 1242 608 accipienda

33 639 35 651 ·
193 629 455 704 sunt,quatenus
470 616 510 680 ad
526 614 677 680 fabulam
691 616 1033 684 editamaDetusehio
1042 623 1241 710 respicitur:
1277 614 1279 623 ¹

196 716 294 787 aliter
315 742 409 801 vero,
437 718 466 784 si
481 719 671 785 antitheton
691 718 775 785 illud
790 730 937 808 spectes,
961 723 1053 806 quod
1076 748 1153 792 cum
1176 729 1243 797 hoc

194 845 295 890 versu
321 820 423 887 efficit
442 840 602 906 sequens,
639 821 801 916 quodque
824 823 891 888 tale
907 836 966 890 est
1022 824 1076 892 Tu
1100 818 1243 918 quidem

188 925 352 1019 faciebas
378 924 401 990 i.
422 946 450 990 e·
474 924 606 1016 agebas
630 920 848 995 Gloriueumi
875 951 940 1016 quo
963 928 1048 1019 quid
1068 932 1135 997 tibi
1154 934 1242 1024 opus

196 1041 269 1109 est,
298 1049 377 1092 eum
401 1047 494 1108 esse,
523 1026 624 1092 nzodo
645 1026 750 1107 velis,
767 1029 910 1116 possis?
940 1030 1032 1146 Quid
1052 1046 1166 1101 autem
1191 1050 1243 1104 est

28 1166 36 1187 ι
88 1134 93 1140 “
194 1130 372 1234 pueriliter
390 1126 524 1209 ludere,
548 1127 611 1193 nisi
633 1129 698 1193 hoc
723 1129 798 1194 est?
820 1132 893 1198 Jam
910 1133 1000 1199 euim
1016 1117 1243 1205 haecverbo-

172 1257 270 1301 -rum
285 1251 356 1298 ιιοιι
371 1231 471 1296 modo
489 1228 692 1316 ambiguitas
709 1242 768 1314 est,
794 1235 850 1298 sed
868 1234 1060 1324 duplicatio,
1081 1240 1243 1327 idemque

193 1335 430 1413 enunciatum,
453 1331 547 1419 quasi
570 1331 622 1397 bis
629 1334 824 1431 legeretur3
832 1319 897 1401 bis
923 1351 1015 1406 certe
1037 1353 1089 1407 cst
1104 1341 1239 1409 diverso

192 1461 293 1507 sensu
315 1434 541 1524 cogitandum
575 1411 680 1500 Itabe
694 1436 902 1504 Voltaerium
922 1441 993 1507 labi
1012 1430 1180 1530 potuisse,
1204 1458 1240 1513 et

191 1537 482 1629 essequibusvel
475 1537 719 1605 rtaVoltaerius
730 1536 883 1625 placeat?
905 1542 978 1627 Ego
991 1566 1073 1613 vero
1090 1570 1238 1636 operum
1262 1588 1265 1593 >

164 1637 168 1665 ¹
192 1647 266 1733 ejus
282 1643 367 1729 illud
383 1639 473 1726 quod
488 1640 816 1728 praestantissimum
829 1640 977 1710 habetur
990 1669 1062 1714 non
1072 1664 1237 1735 mereant,

114 1762 134 1789 ”
195 1759 235 1816 ut
250 1747 350 1815 hosce
363 1741 546 1812 versiculos
560 1741 773 1832 scripserim·=

278 1948 447 2020 Pessimus
472 1961 586 2014 autem
610 1949 683 2014 sine
703 1945 807 2014 dubio
821 1948 1007 2018 verborum
1026 1953 1120 2040 lusus
1132 1953 1159 2043 is
1172 1966 1233 2034 est,

188 2053 247 2147 qui
261 2055 349 2120 circa
362 2052 607 2117 vocabulorum
626 2063 783 2117 versatur
805 2074 938 2146 sonum.
980 2055 1080 2146 Quae
1095 2059 1236 2128 rcs'tb'm

160 2183 254 2252 sper
268 2180 304 2222 se
319 2167 366 2221 est
380 2156 479 2235 clara,
502 2168 542 2219 ut
559 2154 789 2242 explicatione
810 2154 885 2220 fere
908 2180 978 2223 non
1000 2172 1104 2246 egeat.
1148 2163 1238 2230 Nam

194 2287 281 2354 quae
294 2260 405 2347 major
418 2270 469 2323 est
487 2258 619 2336 levitas,
636 2280 736 2353 quam
754 2262 870 2324 rerum
885 2261 1027 2349 propter
1042 2263 1232 2340 nominum,

179 2360 277 2456 Jquae
305 2361 484 2443 bominum
509 2359 613 2424 libido
636 2358 738 2423 rebus
766 2360 947 2449 imposuit,
975 2363 1234 2432 similitudinem

191 2465 368 2538 confusio?
405 2464 525 2529 Omnis
549 2459 685 2549 quidem
711 2461 898 2528 verbulum
918 2465 1012 2531 lusus
1029 2465 1150 2531 nititur
1176 2467 1235 2535 ille

188 2565 439 2660 quodammodo
461 2566 646 2630 verborum
667 2586 766 2643 sono,
798 2567 854 2631 sed
876 2568 961 2634 alius
981 2563 1106 2643 lamen
1118 2565 1237 2637 notio-

188 2674 274 2742 num
296 2684 398 2754 atque
415 2689 530 2769 rerum
555 2690 596 2732 ex
613 2677 712 2755 parte
738 2654 1138 2757 similitudineiuvatum
1174 2675 1237 2742 ille

112 2754 116 2766 Ι
189 2799 294 2854 vero,
318 2776 421 2858 querit
443 2793 536 2835 nuno
557 2768 711 2849 dicimus,
735 2757 1075 2841 rebusdissimillimis
1089 2790 1235 2863 propter

188 2899 369 2973 commune
393 2896 519 2941 nomen
542 2871 694 2938 eamdem
716 2872 838 2939 tribuit
852 2888 1021 2943 naturam.
1066 2878 1233 2966 Undelit7

24 3008 32 3021 ‘
73 3041 86 3050 .,
184 2978 237 3062 ut,
266 2976 483 3066 quoniam'in
506 2977 646 3042 diversis
660 2973 791 3062 'linguis
814 3001 867 3042 res
891 2979 1068 3049 dissimiles
1091 2980 1252 3059 eaedem¹

148 3116 164 3131 ἰ
187 3085 304 3150 eadem
317 3079 453 3146 uomina
468 3079 637 3144 rarissime
652 3091 731 3176 sunt
745 3078 875 3162 sortita,
898 3083 1062 3166 ejusmodi
1075 3086 1170 3152 lusus
1183 3094 1229 3152 ex

167 3187 253 3252 alia
283 3184 318 3250 in
363 3182 462 3248 aliam
497 3182 611 3268 lingua
640 3182 820 3248 transferri
848 3181 911 3247 vix
940 3206 1091 3271 unquam
1118 3184 1228 3276 possil⁴

145 3338 149 3345 s
185 3288 290 3378 Quod
304 3287 416 3375 ipsum
433 3308 494 3375 per
509 3309 545 3350 se
560 3285 639 3350 mali
659 3287 781 3352 ominis
796 3307 865 3351 esse
880 3285 987 3378 quivis
1003 3280 1117 3353 statim
1129 3288 1232 3354 intel.

137 3430 146 3449 s
182 3391 273 3477 liget.
315 3387 557 3473 Huiuscemodi
576 3412 658 3454 vero
679 3389 814 3476 ineptiis
830 3390 931 3454 etiam
949 3389 1041 3455 viros
1055 3391 1231 3461 interdum

183 3494 332 3582 potuisse
354 3489 513 3560 oblectari
545 3490 618 3576 quis
638 3492 806 3573 crederet,
829 3493 891 3559 nisi
914 3493 986 3575 ejus
1007 3493 1056 3581 rei
1074 3494 1226 3580 plurima
1265 3566 1267 3571 ,

143 3655 145 3659 ,
185 3608 340 3663 extarent
371 3593 701 3676 luculentissimaque
741 3593 922 3682 exempla?
959 3593 1064 3677 Cujus
1093 3583 1230 3682 generis

180 3701 281 3788 plura
294 3710 374 3765 suut
387 3723 406 3764 a
421 3699 585 3765 Cicerone
602 3706 765 3786 perquam
781 3699 903 3784 frigide
915 3695 950 3760 in
959 3697 1227 3767 Verrem-dicta:

184 3815 223 3868 ut
244 3826 322 3879 cum
338 3804 403 3890 jus
430 3799 471 3869 V
466 3802 622 3870 errinum
647 3801 783 3880 diceret,
807 3815 840 3866 et
850 3799 1028 3889 ficturum,
1054 3814 1093 3866 ut
1110 3804 1231 3870 omnio

182 3893 355 3984 verreret,
380 3917 413 3970 et
434 3894 595 3978 Herculi,
618 3926 720 3989 quem
746 3905 968 3986 expilaverat,
992 3903 1229 3984 molestiorem

182 4004 519 4095 aproErymantbio
531 4005 667 4096 finisse,
692 4019 724 4070 et
745 4006 879 4086 molum
902 3994 1141 4087 Sacerdotem,
1165 4007 1229 4094 qui

178 4124 252 4179 tom
271 4134 576 4203 nequumperrem
598 4112 807 4204 reliquisset,
831 4109 1118 4198 quod-,sacerdoti
1133 4110 1241 4181 Ver--
