<?xml version="1.0" encoding="UTF-8"?>
<!DOCTYPE html PUBLIC "-//W3C//DTD XHTML 1.0 Transitional//EN"
    "http://www.w3.org/TR/xhtml1/DTD/xhtml1-transitional.dtd">
<html xmlns="http://www.w3.org/1999/xhtml" xml:lang="en" lang="en">
 <head>
  <title>
</title>
<meta http-equiv="Content-Type" content="text/html;charset=utf-8" />
  <meta name='ocr-system' content='tesseract 3.04.00' />
  <meta name='ocr-capabilities' content='ocr_page ocr_carea ocr_par ocr_line ocrx_word'/>
</head>
<body>
  <div class='ocr_page' id='page_1' title='image "./jojachottingeri00hottgoog_0227.png"; bbox 0 0 2708 4636; ppageno 0'>
   <div class='ocr_carea' id='block_1_1' title="bbox 610 285 1026 409">
    <p class='ocr_par' dir='ltr' id='par_1_1' title="bbox 610 285 1026 409">
     <span class='ocr_line' id='line_1_1' title="bbox 610 285 1026 409; baseline 0.002 -16"><span class='ocrx_word' id='word_1_1' title='bbox 610 285 934 409; x_wconf 55' lang='lat' dir='ltr'><strong>a-tyd-ss</strong></span> <span class='ocrx_word' id='word_1_2' title='bbox 1021 336 1026 364; x_wconf 86' lang='lat'>¹</span> 
     </span>
    </p>
   </div>
   <div class='ocr_carea' id='block_1_2' title="bbox 166 493 1340 2612">
    <p class='ocr_par' dir='ltr' id='par_1_2' title="bbox 191 493 1306 1307">
     <span class='ocr_line' id='line_1_2' title="bbox 191 493 1306 584; baseline -0.001 -15"><span class='ocrx_word' id='word_1_3' title='bbox 191 502 195 509; x_wconf 83' lang='grc'><em>“</em></span> <span class='ocrx_word' id='word_1_4' title='bbox 250 500 352 584; x_wconf 88' lang='lat' dir='ltr'><strong>bant,</strong></span> <span class='ocrx_word' id='word_1_5' title='bbox 373 497 573 582; x_wconf 84' lang='lat' dir='ltr'><strong>serenitate,</strong></span> <span class='ocrx_word' id='word_1_6' title='bbox 594 503 629 562; x_wconf 88' lang='lat' dir='ltr'><strong>et</strong></span> <span class='ocrx_word' id='word_1_7' title='bbox 647 493 828 575; x_wconf 85' lang='lat' dir='ltr'><strong>hominnm</strong></span> <span class='ocrx_word' id='word_1_8' title='bbox 846 495 1000 584; x_wconf 87' lang='lat' dir='ltr'><strong>undique</strong></span> <span class='ocrx_word' id='word_1_9' title='bbox 1013 501 1168 569; x_wconf 82' lang='lat' dir='ltr'><strong>certandi</strong></span> <span class='ocrx_word' id='word_1_10' title='bbox 1182 499 1306 568; x_wconf 86' lang='lat' dir='ltr'><strong>visen—</strong></span> 
     </span>
     <span class='ocr_line' id='line_1_3' title="bbox 251 599 1304 689; baseline 0.002 -21"><span class='ocrx_word' id='word_1_11' title='bbox 251 604 353 689; x_wconf 91' lang='lat' dir='ltr'><strong>dique</strong></span> <span class='ocrx_word' id='word_1_12' title='bbox 373 604 484 669; x_wconf 86' lang='lat' dir='ltr'><strong>studio</strong></span> <span class='ocrx_word' id='word_1_13' title='bbox 504 611 784 688; x_wconf 85' lang='lat' dir='ltr'><strong>congregatorum</strong></span> <span class='ocrx_word' id='word_1_14' title='bbox 803 599 1038 681; x_wconf 90' lang='lat' dir='ltr'><strong>multitudine,</strong></span> <span class='ocrx_word' id='word_1_15' title='bbox 1063 614 1097 665; x_wconf 88' lang='lat' dir='ltr'><strong>et</strong></span> <span class='ocrx_word' id='word_1_16' title='bbox 1109 626 1304 670; x_wconf 88' lang='lat' dir='ltr'><strong>munerum</strong></span> 
     </span>
     <span class='ocr_line' id='line_1_4' title="bbox 251 701 1305 792; baseline 0.004 -24"><span class='ocrx_word' id='word_1_17' title='bbox 251 707 485 792; x_wconf 80' lang='lat' dir='ltr'><strong>expositorum</strong></span> <span class='ocrx_word' id='word_1_18' title='bbox 513 705 676 770; x_wconf 75' lang='lat' dir='ltr'><strong>varietate</strong></span> <span class='ocrx_word' id='word_1_19' title='bbox 701 713 804 787; x_wconf 84' lang='lat' dir='ltr'><strong>atque</strong></span> <span class='ocrx_word' id='word_1_20' title='bbox 828 701 1018 788; x_wconf 73' lang='lat' dir='ltr'><strong>splendore·</strong></span> <span class='ocrx_word' id='word_1_21' title='bbox 1063 703 1155 768; x_wconf 89' lang='lat' dir='ltr'><strong>Haec</strong></span> <span class='ocrx_word' id='word_1_22' title='bbox 1181 705 1305 772; x_wconf 88' lang='lat' dir='ltr'><strong>omnia</strong></span> 
     </span>
     <span class='ocr_line' id='line_1_5' title="bbox 237 803 1304 894; baseline 0.001 -24"><span class='ocrx_word' id='word_1_23' title='bbox 237 807 363 894; x_wconf 71' lang='lat' dir='ltr'><strong>,paucis</strong></span> <span class='ocrx_word' id='word_1_24' title='bbox 378 806 530 873; x_wconf 81' lang='lat' dir='ltr'><strong>versibus</strong></span> <span class='ocrx_word' id='word_1_25' title='bbox 544 806 663 893; x_wconf 83' lang='lat' dir='ltr'><strong>po&#39;e&#39;ta,</strong></span> <span class='ocrx_word' id='word_1_26' title='bbox 685 817 725 872; x_wconf 87' lang='lat' dir='ltr'><strong>ut</strong></span> <span class='ocrx_word' id='word_1_27' title='bbox 737 803 892 886; x_wconf 81' lang='lat' dir='ltr'><strong>decebat,</strong></span> <span class='ocrx_word' id='word_1_28' title='bbox 914 806 1220 894; x_wconf 86' lang='lat' dir='ltr'><strong>comprehendens,</strong></span> <span class='ocrx_word' id='word_1_29' title='bbox 1235 831 1304 872; x_wconf 90' lang='lat' dir='ltr'><strong>ne-</strong></span> 
     </span>
     <span class='ocr_line' id='line_1_6' title="bbox 241 906 1302 996; baseline 0.004 -24"><span class='ocrx_word' id='word_1_30' title='bbox 241 932 336 996; x_wconf 81' lang='lat' dir='ltr'><strong>que,</strong></span> <span class='ocrx_word' id='word_1_31' title='bbox 358 909 394 972; x_wconf 92' lang='lat' dir='ltr'><strong>in</strong></span> <span class='ocrx_word' id='word_1_32' title='bbox 410 908 524 995; x_wconf 82' lang='lat' dir='ltr'><strong>parvis</strong></span> <span class='ocrx_word' id='word_1_33' title='bbox 538 906 757 990; x_wconf 85' lang='lat' dir='ltr'><strong>ambitiosus,</strong></span> <span class='ocrx_word' id='word_1_34' title='bbox 777 907 962 993; x_wconf 86' lang='lat' dir='ltr'><strong>legentium</strong></span> <span class='ocrx_word' id='word_1_35' title='bbox 975 910 1106 974; x_wconf 90' lang='lat' dir='ltr'><strong>animos</strong></span> <span class='ocrx_word' id='word_1_36' title='bbox 1120 908 1249 975; x_wconf 89' lang='lat' dir='ltr'><strong>diutius</strong></span> <span class='ocrx_word' id='word_1_37' title='bbox 1262 911 1302 976; x_wconf 93' lang='lat' dir='ltr'><strong>in</strong></span> 
     </span>
     <span class='ocr_line' id='line_1_7' title="bbox 249 1007 1303 1098; baseline 0.002 -21"><span class='ocrx_word' id='word_1_38' title='bbox 249 1010 305 1077; x_wconf 81' lang='lat' dir='ltr'><strong>his</strong></span> <span class='ocrx_word' id='word_1_39' title='bbox 325 1010 467 1092; x_wconf 78' lang='lat' dir='ltr'><strong>detinet,</strong></span> <span class='ocrx_word' id='word_1_40' title='bbox 488 1030 598 1096; x_wconf 90' lang='lat' dir='ltr'><strong>neque</strong></span> <span class='ocrx_word' id='word_1_41' title='bbox 622 1009 664 1074; x_wconf 89' lang='lat' dir='ltr'><strong>ad</strong></span> <span class='ocrx_word' id='word_1_42' title='bbox 686 1031 760 1073; x_wconf 89' lang='lat' dir='ltr'><strong>rem</strong></span> <span class='ocrx_word' id='word_1_43' title='bbox 782 1007 894 1097; x_wconf 87' lang='lat' dir='ltr'><strong>ip&#39;sam</strong></span> <span class='ocrx_word' id='word_1_44' title='bbox 907 1012 1167 1098; x_wconf 75' lang='lat' dir='ltr'><strong>properantium</strong></span> <span class='ocrx_word' id='word_1_45' title='bbox 1187 1014 1303 1079; x_wconf 89' lang='lat' dir='ltr'><strong>studia</strong></span> 
     </span>
     <span class='ocr_line' id='line_1_8' title="bbox 192 1110 1303 1193; baseline 0.006 -20"><span class='ocrx_word' id='word_1_46' title='bbox 192 1154 202 1173; x_wconf 55' lang='lat' dir='ltr'><strong>s</strong></span> <span class='ocrx_word' id='word_1_47' title='bbox 251 1126 423 1193; x_wconf 82' lang='lat' dir='ltr'><strong>moratur,</strong></span> <span class='ocrx_word' id='word_1_48' title='bbox 454 1135 576 1179; x_wconf 88' lang='lat' dir='ltr'><strong>verum</strong></span> <span class='ocrx_word' id='word_1_49' title='bbox 606 1111 721 1177; x_wconf 84' lang='lat' dir='ltr'><strong>statim</strong></span> <span class='ocrx_word' id='word_1_50' title='bbox 749 1110 1001 1178; x_wconf 80' lang='lat' dir='ltr'><strong>committendis</strong></span> <span class='ocrx_word' id='word_1_51' title='bbox 1018 1114 1107 1180; x_wconf 89' lang='lat' dir='ltr'><strong>ludis</strong></span> <span class='ocrx_word' id='word_1_52' title='bbox 1137 1114 1224 1187; x_wconf 88' lang='lat' dir='ltr'><strong>tuba</strong></span> <span class='ocrx_word' id='word_1_53' title='bbox 1253 1114 1303 1180; x_wconf 88' lang='lat' dir='ltr'><strong>si·</strong></span> 
     </span>
     <span class='ocr_line' id='line_1_9' title="bbox 249 1217 1283 1307; baseline -0.01 -25"><span class='ocrx_word' id='word_1_54' title='bbox 249 1237 355 1304; x_wconf 86' lang='lat' dir='ltr'><strong>gnum</strong></span> <span class='ocrx_word' id='word_1_55' title='bbox 378 1217 495 1281; x_wconf 88' lang='lat' dir='ltr'><strong>datum</strong></span> <span class='ocrx_word' id='word_1_56' title='bbox 520 1225 698 1281; x_wconf 86' lang='lat' dir='ltr'><strong>memorat.</strong></span> <span class='ocrx_word' id='word_1_57' title='bbox 1279 1298 1283 1307; x_wconf 29' lang='grc' dir='ltr'>Ι</span> 
     </span>
    </p>

    <p class='ocr_par' dir='ltr' id='par_1_3' title="bbox 166 1314 1340 2612">
     <span class='ocr_line' id='line_1_10' title="bbox 314 1314 1301 1406; baseline -0.001 -21"><span class='ocrx_word' id='word_1_58' title='bbox 314 1320 432 1404; x_wconf 87' lang='lat' dir='ltr'><strong>ltaque</strong></span> <span class='ocrx_word' id='word_1_59' title='bbox 444 1319 512 1401; x_wconf 89' lang='lat' dir='ltr'><strong>jam</strong></span> <span class='ocrx_word' id='word_1_60' title='bbox 528 1317 564 1382; x_wconf 90' lang='lat' dir='ltr'><strong>in</strong></span> <span class='ocrx_word' id='word_1_61' title='bbox 578 1317 645 1382; x_wconf 90' lang='lat' dir='ltr'><strong>boc</strong></span> <span class='ocrx_word' id='word_1_62' title='bbox 661 1330 779 1406; x_wconf 85' lang='lat' dir='ltr'><strong>poetae</strong></span> <span class='ocrx_word' id='word_1_63' title='bbox 792 1314 967 1406; x_wconf 88' lang='lat' dir='ltr'><strong>judicium,</strong></span> <span class='ocrx_word' id='word_1_64' title='bbox 983 1325 1017 1381; x_wconf 91' lang='lat' dir='ltr'><strong>et</strong></span> <span class='ocrx_word' id='word_1_65' title='bbox 1027 1315 1175 1405; x_wconf 83' lang='lat' dir='ltr'><strong>puerilia</strong></span> <span class='ocrx_word' id='word_1_66' title='bbox 1188 1340 1301 1406; x_wconf 90' lang='lat' dir='ltr'><strong>quae-</strong></span> 
     </span>
     <span class='ocr_line' id='line_1_11' title="bbox 248 1417 1299 1510; baseline 0.003 -23"><span class='ocrx_word' id='word_1_67' title='bbox 248 1421 300 1487; x_wconf 84' lang='lat' dir='ltr'><strong>vis</strong></span> <span class='ocrx_word' id='word_1_68' title='bbox 323 1429 523 1485; x_wconf 85' lang='lat' dir='ltr'><strong>ornamenta</strong></span> <span class='ocrx_word' id='word_1_69' title='bbox 543 1428 577 1482; x_wconf 92' lang='lat' dir='ltr'><strong>et</strong></span> <span class='ocrx_word' id='word_1_70' title='bbox 592 1417 850 1488; x_wconf 84' lang='lat' dir='ltr'><strong>immoderatam</strong></span> <span class='ocrx_word' id='word_1_71' title='bbox 865 1419 992 1506; x_wconf 86' lang='lat' dir='ltr'><strong>ingenii</strong></span> <span class='ocrx_word' id='word_1_72' title='bbox 1006 1421 1182 1488; x_wconf 82' lang='lat' dir='ltr'><strong>luxuriam</strong></span> <span class='ocrx_word' id='word_1_73' title='bbox 1197 1446 1299 1510; x_wconf 89' lang='lat' dir='ltr'><strong>sper-</strong></span> 
     </span>
     <span class='ocr_line' id='line_1_12' title="bbox 249 1520 1299 1613; baseline 0.002 -24"><span class='ocrx_word' id='word_1_74' title='bbox 249 1525 378 1603; x_wconf 87' lang='lat' dir='ltr'><strong>nentis,</strong></span> <span class='ocrx_word' id='word_1_75' title='bbox 405 1520 504 1587; x_wconf 87' lang='lat' dir='ltr'><strong>facile</strong></span> <span class='ocrx_word' id='word_1_76' title='bbox 524 1539 694 1604; x_wconf 82' lang='lat' dir='ltr'><strong>agnoscas.</strong></span> <span class='ocrx_word' id='word_1_77' title='bbox 736 1522 852 1609; x_wconf 88' lang='lat' dir='ltr'><strong>Neque</strong></span> <span class='ocrx_word' id='word_1_78' title='bbox 871 1522 909 1587; x_wconf 91' lang='lat' dir='ltr'><strong>in</strong></span> <span class='ocrx_word' id='word_1_79' title='bbox 934 1521 990 1597; x_wconf 84' lang='lat' dir='ltr'><strong>iis,</strong></span> <span class='ocrx_word' id='word_1_80' title='bbox 1029 1541 1116 1610; x_wconf 84' lang='lat' dir='ltr'><strong>qnae</strong></span> <span class='ocrx_word' id='word_1_81' title='bbox 1134 1523 1299 1613; x_wconf 83' lang='lat' dir='ltr'><strong>proxime</strong></span> 
     </span>
     <span class='ocr_line' id='line_1_13' title="bbox 251 1621 1298 1713; baseline 0.001 -22"><span class='ocrx_word' id='word_1_82' title='bbox 251 1636 455 1713; x_wconf 85' lang='lat' dir='ltr'><strong>sequuntur,</strong></span> <span class='ocrx_word' id='word_1_83' title='bbox 485 1621 692 1708; x_wconf 82' lang='lat' dir='ltr'><strong>quidquam,</strong></span> <span class='ocrx_word' id='word_1_84' title='bbox 714 1623 778 1689; x_wconf 85' lang='lat' dir='ltr'><strong>nisi</strong></span> <span class='ocrx_word' id='word_1_85' title='bbox 799 1621 928 1701; x_wconf 82' lang='lat' dir='ltr'><strong>sobrie,</strong></span> <span class='ocrx_word' id='word_1_86' title='bbox 956 1624 1104 1690; x_wconf 90' lang='lat' dir='ltr'><strong>molitur.</strong></span> <span class='ocrx_word' id='word_1_87' title='bbox 1148 1625 1238 1691; x_wconf 87' lang='lat' dir='ltr'><strong>Nam</strong></span> <span class='ocrx_word' id='word_1_88' title='bbox 1262 1639 1298 1692; x_wconf 88' lang='lat' dir='ltr'><strong>et</strong></span> 
     </span>
     <span class='ocr_line' id='line_1_14' title="bbox 243 1716 1295 1813; baseline 0.001 -21"><span class='ocrx_word' id='word_1_89' title='bbox 243 1716 410 1808; x_wconf 73' lang='lat' dir='ltr'><strong>&#39;nabium‚</strong></span> <span class='ocrx_word' id='word_1_90' title='bbox 448 1747 535 1810; x_wconf 92' lang='lat' dir='ltr'><strong>quae</strong></span> <span class='ocrx_word' id='word_1_91' title='bbox 561 1718 784 1812; x_wconf 80' lang='lat' dir='ltr'><strong>praetermitti</strong></span> <span class='ocrx_word' id='word_1_92' title='bbox 814 1724 904 1789; x_wconf 86' lang='lat' dir='ltr'><strong>haud</strong></span> <span class='ocrx_word' id='word_1_93' title='bbox 928 1735 1076 1811; x_wconf 90' lang='lat' dir='ltr'><strong>poterat,</strong></span> <span class='ocrx_word' id='word_1_94' title='bbox 1108 1724 1295 1813; x_wconf 80' lang='lat' dir='ltr'><strong>descriptio</strong></span> 
     </span>
     <span class='ocr_line' id='line_1_15' title="bbox 250 1825 1293 1915; baseline -0.002 -21"><span class='ocrx_word' id='word_1_95' title='bbox 250 1828 361 1896; x_wconf 86' lang='lat' dir='ltr'><strong>brevis</strong></span> <span class='ocrx_word' id='word_1_96' title='bbox 389 1839 440 1893; x_wconf 89' lang='lat' dir='ltr'><strong>est</strong></span> <span class='ocrx_word' id='word_1_97' title='bbox 461 1839 563 1913; x_wconf 87' lang='lat' dir='ltr'><strong>atque</strong></span> <span class='ocrx_word' id='word_1_98' title='bbox 583 1827 749 1915; x_wconf 80' lang='lat' dir='ltr'><strong>simplex3</strong></span> <span class='ocrx_word' id='word_1_99' title='bbox 769 1849 878 1911; x_wconf 89' lang='lat' dir='ltr'><strong>neque</strong></span> <span class='ocrx_word' id='word_1_100' title='bbox 890 1826 1026 1891; x_wconf 89' lang='lat' dir='ltr'><strong>illarum</strong></span> <span class='ocrx_word' id='word_1_101' title='bbox 1044 1825 1205 1910; x_wconf 84' lang='lat' dir='ltr'><strong>figuram,</strong></span> <span class='ocrx_word' id='word_1_102' title='bbox 1229 1839 1293 1892; x_wconf 90' lang='lat' dir='ltr'><strong>aut</strong></span> 
     </span>
     <span class='ocr_line' id='line_1_16' title="bbox 182 1927 1289 2018; baseline -0.004 -22"><span class='ocrx_word' id='word_1_103' title='bbox 182 1944 185 1950; x_wconf 89' lang='lat'>&#39;</span> <span class='ocrx_word' id='word_1_104' title='bbox 248 1933 529 2018; x_wconf 89' lang='lat' dir='ltr'><strong>qualemcumque</strong></span> <span class='ocrx_word' id='word_1_105' title='bbox 552 1929 717 1994; x_wconf 88' lang='lat' dir='ltr'><strong>rationem</strong></span> <span class='ocrx_word' id='word_1_106' title='bbox 740 1927 891 2015; x_wconf 81' lang='lat' dir='ltr'><strong>pluribus</strong></span> <span class='ocrx_word' id='word_1_107' title='bbox 914 1928 1140 2016; x_wconf 80' lang='lat' dir='ltr'><strong>persequitur3</strong></span> <span class='ocrx_word' id='word_1_108' title='bbox 1176 1949 1289 2012; x_wconf 89' lang='lat' dir='ltr'><strong>neque</strong></span> 
     </span>
     <span class='ocr_line' id='line_1_17' title="bbox 248 2029 1291 2117; baseline -0.006 -15"><span class='ocrx_word' id='word_1_109' title='bbox 248 2035 378 2102; x_wconf 86' lang='lat' dir='ltr'><strong>multus</strong></span> <span class='ocrx_word' id='word_1_110' title='bbox 392 2031 492 2099; x_wconf 89' lang='lat' dir='ltr'><strong>estin</strong></span> <span class='ocrx_word' id='word_1_111' title='bbox 509 2031 702 2117; x_wconf 80' lang='lat' dir='ltr'><strong>enarranda</strong></span> <span class='ocrx_word' id='word_1_112' title='bbox 714 2031 894 2096; x_wconf 90' lang='lat' dir='ltr'><strong>ductorum</strong></span> <span class='ocrx_word' id='word_1_113' title='bbox 910 2032 1142 2116; x_wconf 89' lang='lat' dir='ltr'><strong>cujuscunque</strong></span> <span class='ocrx_word' id='word_1_114' title='bbox 1158 2029 1291 2117; x_wconf 81' lang='lat' dir='ltr'><strong>generis</strong></span> 
     </span>
     <span class='ocr_line' id='line_1_18' title="bbox 166 2132 1294 2230; baseline -0.004 -27"><span class='ocrx_word' id='word_1_115' title='bbox 166 2156 170 2169; x_wconf 90' lang='lat'><strong>·</strong></span> <span class='ocrx_word' id='word_1_116' title='bbox 247 2137 567 2230; x_wconf 57' lang='lat' dir='ltr'><strong>praestantiamque</strong></span> <span class='ocrx_word' id='word_1_117' title='bbox 578 2135 718 2203; x_wconf 83' lang='lat' dir='ltr'><strong>virtute.</strong></span> <span class='ocrx_word' id='word_1_118' title='bbox 764 2132 864 2222; x_wconf 88' lang='lat' dir='ltr'><strong>Quod</strong></span> <span class='ocrx_word' id='word_1_119' title='bbox 884 2157 954 2200; x_wconf 92' lang='lat' dir='ltr'><strong>non</strong></span> <span class='ocrx_word' id='word_1_120' title='bbox 967 2135 1013 2199; x_wconf 89' lang='lat' dir='ltr'><strong>ita</strong></span> <span class='ocrx_word' id='word_1_121' title='bbox 1024 2133 1294 2219; x_wconf 89' lang='lat' dir='ltr'><strong>intelligendum,</strong></span> 
     </span>
     <span class='ocr_line' id='line_1_19' title="bbox 246 2233 1295 2327; baseline -0.008 -21"><span class='ocrx_word' id='word_1_122' title='bbox 246 2241 344 2327; x_wconf 83' lang='lat' dir='ltr'><strong>quasi</strong></span> <span class='ocrx_word' id='word_1_123' title='bbox 372 2241 425 2305; x_wconf 87' lang='lat' dir='ltr'><strong>vel</strong></span> <span class='ocrx_word' id='word_1_124' title='bbox 437 2240 564 2306; x_wconf 85' lang='lat' dir='ltr'><strong>isthaec</strong></span> <span class='ocrx_word' id='word_1_125' title='bbox 577 2263 657 2327; x_wconf 86' lang='lat' dir='ltr'><strong>pars</strong></span> <span class='ocrx_word' id='word_1_126' title='bbox 673 2239 769 2303; x_wconf 89' lang='lat' dir='ltr'><strong>omni</strong></span> <span class='ocrx_word' id='word_1_127' title='bbox 787 2249 916 2302; x_wconf 88' lang='lat' dir='ltr'><strong>careret</strong></span> <span class='ocrx_word' id='word_1_128' title='bbox 928 2245 1141 2301; x_wconf 86' lang='lat' dir='ltr'><strong>ornamento.</strong></span> <span class='ocrx_word' id='word_1_129' title='bbox 1187 2233 1295 2300; x_wconf 86' lang='lat' dir='ltr'><strong>Vide-</strong></span> 
     </span>
     <span class='ocr_line' id='line_1_20' title="bbox 246 2335 1294 2429; baseline -0.007 -21"><span class='ocrx_word' id='word_1_130' title='bbox 246 2340 328 2409; x_wconf 88' lang='lat' dir='ltr'><strong>licet</strong></span> <span class='ocrx_word' id='word_1_131' title='bbox 347 2341 497 2429; x_wconf 81' lang='lat' dir='ltr'><strong>singulae</strong></span> <span class='ocrx_word' id='word_1_132' title='bbox 517 2363 623 2405; x_wconf 90' lang='lat' dir='ltr'><strong>naves</strong></span> <span class='ocrx_word' id='word_1_133' title='bbox 637 2339 773 2426; x_wconf 90' lang='lat' dir='ltr'><strong>siugulis</strong></span> <span class='ocrx_word' id='word_1_134' title='bbox 793 2339 975 2405; x_wconf 84' lang='lat' dir='ltr'><strong>virtutibus</strong></span> <span class='ocrx_word' id='word_1_135' title='bbox 992 2348 1052 2402; x_wconf 89' lang='lat' dir='ltr'><strong>aut</strong></span> <span class='ocrx_word' id='word_1_136' title='bbox 1065 2335 1294 2423; x_wconf 87' lang='lat' dir='ltr'><strong>qualicunque</strong></span> 
     </span>
     <span class='ocr_line' id='line_1_21' title="bbox 247 2438 1340 2529; baseline -0.005 -20"><span class='ocrx_word' id='word_1_137' title='bbox 247 2443 443 2509; x_wconf 81' lang='lat' dir='ltr'><strong>diversitate</strong></span> <span class='ocrx_word' id='word_1_138' title='bbox 466 2440 707 2529; x_wconf 78' lang='lat' dir='ltr'><strong>designantur,</strong></span> <span class='ocrx_word' id='word_1_139' title='bbox 737 2452 772 2506; x_wconf 89' lang='lat' dir='ltr'><strong>et</strong></span> <span class='ocrx_word' id='word_1_140' title='bbox 796 2440 1003 2509; x_wconf 87' lang='lat' dir='ltr'><strong>ornatissimi</strong></span> <span class='ocrx_word' id='word_1_141' title='bbox 1030 2451 1113 2507; x_wconf 77' lang='lat' dir='ltr'><strong>stant</strong></span> <span class='ocrx_word' id='word_1_142' title='bbox 1133 2438 1292 2529; x_wconf 84' lang='lat' dir='ltr'><strong>inprimis</strong></span> <span class='ocrx_word' id='word_1_143' title='bbox 1336 2486 1340 2496; x_wconf 85' lang='lat'><em>.</em></span> 
     </span>
     <span class='ocr_line' id='line_1_22' title="bbox 245 2535 497 2612; baseline -0.02 0"><span class='ocrx_word' id='word_1_144' title='bbox 245 2535 296 2612; x_wconf 84' lang='lat' dir='ltr'><strong>iili</strong></span> <span class='ocrx_word' id='word_1_145' title='bbox 311 2566 444 2611; x_wconf 80' lang='lat' dir='ltr'><strong>versus:</strong></span> <span class='ocrx_word' id='word_1_146' title='bbox 496 2581 497 2584; x_wconf 60' lang='lat'><em>=</em></span> 
     </span>
    </p>
   </div>
   <div class='ocr_carea' id='block_1_3' title="bbox 279 2623 1291 2933">
    <p class='ocr_par' dir='ltr' id='par_1_4' title="bbox 279 2623 1291 2933">
     <span class='ocr_line' id='line_1_23' title="bbox 288 2623 1099 2750; baseline 0 -24"><span class='ocrx_word' id='word_1_147' title='bbox 288 2660 328 2726; x_wconf 86' lang='lat' dir='ltr'><strong>In</strong></span> <span class='ocrx_word' id='word_1_148' title='bbox 352 2677 524 2745; x_wconf 86' lang='lat' dir='ltr'><strong>entemquc</strong></span> <span class='ocrx_word' id='word_1_149' title='bbox 539 2663 628 2745; x_wconf 84' lang='lat' dir='ltr'><strong>Gyas</strong></span> <span class='ocrx_word' id='word_1_150' title='bbox 642 2662 771 2750; x_wconf 80' lang='lat' dir='ltr'><strong>ingenti</strong></span> <span class='ocrx_word' id='word_1_151' title='bbox 785 2667 869 2727; x_wconf 89' lang='lat' dir='ltr'><strong>mole</strong></span> <span class='ocrx_word' id='word_1_152' title='bbox 887 2623 1099 2742; x_wconf 70' lang='lat' dir='ltr'><strong>Chimaeram,</strong></span> 
     </span>
     <span class='ocr_line' id='line_1_24' title="bbox 279 2685 1291 2834; baseline 0.008 -30"><span class='ocrx_word' id='word_1_153' title='bbox 279 2685 388 2808; x_wconf 71' lang='lat' dir='ltr'><strong>Urbis</strong></span> <span class='ocrx_word' id='word_1_154' title='bbox 415 2769 514 2830; x_wconf 83' lang='lat' dir='ltr'><strong>opus:</strong></span> <span class='ocrx_word' id='word_1_155' title='bbox 539 2748 663 2832; x_wconf 82' lang='lat' dir='ltr'><strong>triplici</strong></span> <span class='ocrx_word' id='word_1_156' title='bbox 687 2749 790 2834; x_wconf 86' lang='lat' dir='ltr'><strong>pubes</strong></span> <span class='ocrx_word' id='word_1_157' title='bbox 813 2769 908 2834; x_wconf 86' lang='lat' dir='ltr'><strong>quam</strong></span> <span class='ocrx_word' id='word_1_158' title='bbox 929 2750 1084 2814; x_wconf 82' lang='lat' dir='ltr'><strong>Dardana</strong></span> <span class='ocrx_word' id='word_1_159' title='bbox 1106 2773 1205 2816; x_wconf 85' lang='lat' dir='ltr'><strong>versu</strong></span> <span class='ocrx_word' id='word_1_160' title='bbox 1285 2802 1291 2834; x_wconf 33' lang='grc' dir='ltr'>ζ</span> 
     </span>
     <span class='ocr_line' id='line_1_25' title="bbox 286 2832 1063 2933; baseline 0 -37"><span class='ocrx_word' id='word_1_161' title='bbox 286 2832 473 2933; x_wconf 64' lang='lat' dir='ltr'><strong>Inpeliunt,</strong></span> <span class='ocrx_word' id='word_1_162' title='bbox 496 2848 591 2896; x_wconf 87' lang='lat' dir='ltr'><strong>terno</strong></span> <span class='ocrx_word' id='word_1_163' title='bbox 614 2846 816 2923; x_wconf 75' lang='lat' dir='ltr'><strong>consurgunt</strong></span> <span class='ocrx_word' id='word_1_164' title='bbox 838 2834 952 2897; x_wconf 84' lang='lat' dir='ltr'><strong>ordine</strong></span> <span class='ocrx_word' id='word_1_165' title='bbox 973 2836 1063 2897; x_wconf 86' lang='lat' dir='ltr'><strong>remi.</strong></span> 
     </span>
    </p>
   </div>
   <div class='ocr_carea' id='block_1_4' title="bbox 167 2949 1317 3427">
    <p class='ocr_par' dir='ltr' id='par_1_5' title="bbox 167 2949 1289 3042">
     <span class='ocr_line' id='line_1_26' title="bbox 167 2949 1289 3042; baseline 0.004 -29"><span class='ocrx_word' id='word_1_166' title='bbox 167 3002 171 3013; x_wconf 94' lang='lat'>.</span> <span class='ocrx_word' id='word_1_167' title='bbox 246 2949 343 3042; x_wconf 87' lang='lat' dir='ltr'><strong>Quos</strong></span> <span class='ocrx_word' id='word_1_168' title='bbox 366 2976 499 3035; x_wconf 88' lang='lat' dir='ltr'><strong>versus,</strong></span> <span class='ocrx_word' id='word_1_169' title='bbox 519 2966 560 3020; x_wconf 87' lang='lat' dir='ltr'><strong>ut</strong></span> <span class='ocrx_word' id='word_1_170' title='bbox 579 2953 644 3022; x_wconf 86' lang='lat' dir='ltr'><strong>hoc</strong></span> <span class='ocrx_word' id='word_1_171' title='bbox 666 2954 774 3021; x_wconf 88' lang='lat' dir='ltr'><strong>obiter</strong></span> <span class='ocrx_word' id='word_1_172' title='bbox 796 2978 974 3035; x_wconf 88' lang='lat' dir='ltr'><strong>moneam,</strong></span> <span class='ocrx_word' id='word_1_173' title='bbox 1003 2953 1163 3040; x_wconf 88' lang='lat' dir='ltr'><strong>equidem</strong></span> <span class='ocrx_word' id='word_1_174' title='bbox 1184 2953 1289 3020; x_wconf 88' lang='lat' dir='ltr'><strong>Floro</strong></span> 
     </span>
    </p>

    <p class='ocr_par' dir='ltr' id='par_1_6' title="bbox 181 3053 1317 3427">
     <span class='ocr_line' id='line_1_27' title="bbox 215 3053 1290 3144; baseline 0.006 -26"><span class='ocrx_word' id='word_1_175' title='bbox 215 3076 219 3087; x_wconf 84' lang='lat'><strong>·</strong></span> <span class='ocrx_word' id='word_1_176' title='bbox 244 3053 442 3123; x_wconf 79' lang='lat' dir='ltr'><strong>obversatus</strong></span> <span class='ocrx_word' id='word_1_177' title='bbox 468 3068 573 3141; x_wconf 90' lang='lat' dir='ltr'><strong>puto,</strong></span> <span class='ocrx_word' id='word_1_178' title='bbox 607 3054 749 3123; x_wconf 87' lang='lat' dir='ltr'><strong>minime</strong></span> <span class='ocrx_word' id='word_1_179' title='bbox 774 3057 992 3144; x_wconf 84' lang='lat' dir='ltr'><strong>intelligenti,</strong></span> <span class='ocrx_word' id='word_1_180' title='bbox 1012 3079 1129 3144; x_wconf 85' lang='lat' dir='ltr'><strong>quam</strong></span> <span class='ocrx_word' id='word_1_181' title='bbox 1154 3057 1290 3124; x_wconf 83' lang='lat' dir='ltr'><strong>diversa</strong></span> 
     </span>
     <span class='ocr_line' id='line_1_28' title="bbox 181 3144 1289 3248; baseline 0.004 -27"><span class='ocrx_word' id='word_1_182' title='bbox 181 3144 185 3154; x_wconf 50' lang='lat'><strong><em>⁴</em></strong></span> <span class='ocrx_word' id='word_1_183' title='bbox 243 3152 306 3222; x_wconf 75' lang='lat' dir='ltr'><strong>lex</strong></span> <span class='ocrx_word' id='word_1_184' title='bbox 328 3170 414 3224; x_wconf 87' lang='lat' dir='ltr'><strong>esset</strong></span> <span class='ocrx_word' id='word_1_185' title='bbox 430 3170 463 3222; x_wconf 87' lang='lat' dir='ltr'><strong>et</strong></span> <span class='ocrx_word' id='word_1_186' title='bbox 476 3157 629 3245; x_wconf 84' lang='lat' dir='ltr'><strong>scriptori</strong></span> <span class='ocrx_word' id='word_1_187' title='bbox 642 3159 818 3241; x_wconf 81' lang='lat' dir='ltr'><strong>histoiico,</strong></span> <span class='ocrx_word' id='word_1_188' title='bbox 840 3171 874 3225; x_wconf 89' lang='lat' dir='ltr'><strong>et</strong></span> <span class='ocrx_word' id='word_1_189' title='bbox 889 3173 1027 3248; x_wconf 87' lang='lat' dir='ltr'><strong>poetae,</strong></span> <span class='ocrx_word' id='word_1_190' title='bbox 1048 3160 1087 3224; x_wconf 90' lang='lat' dir='ltr'><strong>in</strong></span> <span class='ocrx_word' id='word_1_191' title='bbox 1095 3159 1207 3246; x_wconf 88' lang='lat' dir='ltr'><strong>putidi</strong></span> <span class='ocrx_word' id='word_1_192' title='bbox 1222 3157 1289 3225; x_wconf 78' lang='lat' dir='ltr'><strong>fri-</strong></span> 
     </span>
     <span class='ocr_line' id='line_1_29' title="bbox 242 3259 1317 3427; baseline 0.005 -103"><span class='ocrx_word' id='word_1_193' title='bbox 242 3259 334 3427; x_wconf 71' lang='lat' dir='ltr'><strong>ppris</strong></span> <span class='ocrx_word' id='word_1_194' title='bbox 356 3261 457 3349; x_wconf 85' lang='lat' dir='ltr'><strong>plena</strong></span> <span class='ocrx_word' id='word_1_195' title='bbox 477 3261 536 3326; x_wconf 93' lang='lat' dir='ltr'><strong>illa</strong></span> <span class='ocrx_word' id='word_1_196' title='bbox 558 3261 696 3327; x_wconf 85' lang='lat' dir='ltr'><strong>navium</strong></span> <span class='ocrx_word' id='word_1_197' title='bbox 717 3261 852 3329; x_wconf 80' lang='lat' dir='ltr'><strong>Antonii</strong></span> <span class='ocrx_word' id='word_1_198' title='bbox 873 3262 1111 3357; x_wconf 83' lang='lat' dir='ltr'><strong>descriptione,</strong></span> <span class='ocrx_word' id='word_1_199' title='bbox 1150 3261 1289 3348; x_wconf 90' lang='lat' dir='ltr'><strong>quando</strong></span> <span class='ocrx_word' id='word_1_200' title='bbox 1313 3336 1317 3349; x_wconf 36' lang='lat'><em>¹</em></span> 
     </span>
    </p>
   </div>
   <div class='ocr_carea' id='block_1_5' title="bbox 140 3360 1290 3456">
    <p class='ocr_par' dir='ltr' id='par_1_7' title="bbox 140 3360 1290 3456">
     <span class='ocr_line' id='line_1_30' title="bbox 140 3360 1290 3456; baseline 0.003 -29"><span class='ocrx_word' id='word_1_201' title='bbox 140 3374 161 3435; x_wconf 84' lang='grc'><strong>,’</strong></span> <span class='ocrx_word' id='word_1_202' title='bbox 273 3361 358 3431; x_wconf 81' lang='lat' dir='ltr'><strong>.IV·</strong></span> <span class='ocrx_word' id='word_1_203' title='bbox 375 3385 403 3428; x_wconf 90' lang='lat' dir='ltr'><strong>c.</strong></span> <span class='ocrx_word' id='word_1_204' title='bbox 424 3386 472 3429; x_wconf 85' lang='lat'><strong>11.</strong></span> <span class='ocrx_word' id='word_1_205' title='bbox 499 3360 682 3446; x_wconf 72' lang='lat' dir='ltr'><strong>Tbrribns,</strong></span> <span class='ocrx_word' id='word_1_206' title='bbox 703 3365 825 3451; x_wconf 88' lang='lat' dir='ltr'><strong>inquit,</strong></span> <span class='ocrx_word' id='word_1_207' title='bbox 847 3379 950 3456; x_wconf 68' lang='lat' dir='ltr'><strong>atquae</strong></span> <span class='ocrx_word' id='word_1_208' title='bbox 966 3364 1133 3431; x_wconf 79' lang='lat' dir='ltr'><strong>tabulatis</strong></span> <span class='ocrx_word' id='word_1_209' title='bbox 1147 3364 1290 3430; x_wconf 80' lang='lat' dir='ltr'><strong>alleva-</strong></span> 
     </span>
    </p>
   </div>
   <div class='ocr_carea' id='block_1_6' title="bbox 240 3464 1289 3772">
    <p class='ocr_par' dir='ltr' id='par_1_8' title="bbox 240 3464 1289 3772">
     <span class='ocr_line' id='line_1_31' title="bbox 240 3464 1289 3558; baseline 0.005 -30"><span class='ocrx_word' id='word_1_210' title='bbox 240 3475 299 3539; x_wconf 78' lang='lat' dir='ltr'><strong>toe</strong></span> <span class='ocrx_word' id='word_1_211' title='bbox 307 3514 320 3548; x_wconf 94' lang='lat'><strong>,</strong></span> <span class='ocrx_word' id='word_1_212' title='bbox 353 3464 578 3533; x_wconf 81' lang='lat' dir='ltr'><strong>castellorum</strong></span> <span class='ocrx_word' id='word_1_213' title='bbox 599 3478 634 3532; x_wconf 83' lang='lat' dir='ltr'><strong>ot</strong></span> <span class='ocrx_word' id='word_1_214' title='bbox 653 3468 792 3536; x_wconf 80' lang='lat' dir='ltr'><strong>urbium</strong></span> <span class='ocrx_word' id='word_1_215' title='bbox 811 3469 924 3558; x_wconf 80' lang='lat' dir='ltr'><strong>specie</strong></span> <span class='ocrx_word' id='word_1_216' title='bbox 932 3517 945 3549; x_wconf 90' lang='lat'><strong>,</strong></span> <span class='ocrx_word' id='word_1_217' title='bbox 969 3493 1036 3534; x_wconf 83' lang='lat' dir='ltr'><strong>non</strong></span> <span class='ocrx_word' id='word_1_218' title='bbox 1056 3468 1130 3532; x_wconf 85' lang='lat' dir='ltr'><strong>sine</strong></span> <span class='ocrx_word' id='word_1_219' title='bbox 1147 3468 1289 3557; x_wconf 80' lang='lat' dir='ltr'><strong>gemitu</strong></span> 
     </span>
     <span class='ocr_line' id='line_1_32' title="bbox 240 3567 1288 3663; baseline 0.002 -31"><span class='ocrx_word' id='word_1_220' title='bbox 240 3567 352 3633; x_wconf 77' lang='lat' dir='ltr'><strong>maris</strong></span> <span class='ocrx_word' id='word_1_221' title='bbox 381 3579 416 3633; x_wconf 79' lang='lat' dir='ltr'><strong>et</strong></span> <span class='ocrx_word' id='word_1_222' title='bbox 444 3568 563 3637; x_wconf 81' lang='lat' dir='ltr'><strong>labore</strong></span> <span class='ocrx_word' id='word_1_223' title='bbox 585 3583 766 3638; x_wconf 76' lang='lat' dir='ltr'><strong>ventorum</strong></span> <span class='ocrx_word' id='word_1_224' title='bbox 783 3570 1003 3663; x_wconf 73' lang='lat' dir='ltr'><strong>fhrebontnr.</strong></span> <span class='ocrx_word' id='word_1_225' title='bbox 1047 3570 1150 3636; x_wconf 84' lang='lat' dir='ltr'><strong>Aliud</strong></span> <span class='ocrx_word' id='word_1_226' title='bbox 1175 3568 1288 3635; x_wconf 72' lang='lat' dir='ltr'><strong>artifi-</strong></span> 
     </span>
     <span class='ocr_line' id='line_1_33' title="bbox 241 3670 1287 3772; baseline 0.001 -38"><span class='ocrx_word' id='word_1_227' title='bbox 241 3671 349 3751; x_wconf 83' lang='lat' dir='ltr'><strong>cium,</strong></span> <span class='ocrx_word' id='word_1_228' title='bbox 370 3695 440 3772; x_wconf 88' lang='lat' dir='ltr'><strong>quo</strong></span> <span class='ocrx_word' id='word_1_229' title='bbox 461 3693 541 3740; x_wconf 85' lang='lat' dir='ltr'><strong>usus</strong></span> <span class='ocrx_word' id='word_1_230' title='bbox 556 3685 605 3739; x_wconf 83' lang='lat' dir='ltr'><strong>est</strong></span> <span class='ocrx_word' id='word_1_231' title='bbox 618 3674 778 3761; x_wconf 88' lang='lat' dir='ltr'><strong>Virgilius</strong></span> <span class='ocrx_word' id='word_1_232' title='bbox 790 3674 825 3739; x_wconf 91' lang='lat' dir='ltr'><strong>in</strong></span> <span class='ocrx_word' id='word_1_233' title='bbox 841 3674 946 3740; x_wconf 84' lang='lat' dir='ltr'><strong>isthac</strong></span> <span class='ocrx_word' id='word_1_234' title='bbox 961 3684 1057 3760; x_wconf 86' lang='lat' dir='ltr'><strong>parte</strong></span> <span class='ocrx_word' id='word_1_235' title='bbox 1071 3670 1287 3754; x_wconf 75' lang='lat' dir='ltr'><strong>exornanda,</strong></span> 
     </span>
    </p>
   </div>
   <div class='ocr_carea' id='block_1_7' title="bbox 111 3760 1287 3863">
    <p class='ocr_par' dir='ltr' id='par_1_9' title="bbox 111 3760 1287 3863">
     <span class='ocr_line' id='line_1_34' title="bbox 111 3760 1287 3863; baseline 0.003 -28"><span class='ocrx_word' id='word_1_236' title='bbox 111 3760 129 3827; x_wconf 55' lang='lat' dir='ltr'><strong>r</strong></span> <span class='ocrx_word' id='word_1_237' title='bbox 241 3771 387 3863; x_wconf 83' lang='lat' dir='ltr'><strong>positum</strong></span> <span class='ocrx_word' id='word_1_238' title='bbox 415 3786 469 3860; x_wconf 26' lang='lat' dir='ltr'><strong>cst·</strong></span> <span class='ocrx_word' id='word_1_239' title='bbox 491 3775 527 3841; x_wconf 89' lang='lat' dir='ltr'><strong>in</strong></span> <span class='ocrx_word' id='word_1_240' title='bbox 561 3775 767 3843; x_wconf 73' lang='lat' dir='ltr'><strong>familiarum</strong></span> <span class='ocrx_word' id='word_1_241' title='bbox 801 3778 1033 3843; x_wconf 82' lang='lat' dir='ltr'><strong>Romanarum</strong></span> <span class='ocrx_word' id='word_1_242' title='bbox 1062 3775 1105 3839; x_wconf 91' lang='lat' dir='ltr'><strong>ad</strong></span> <span class='ocrx_word' id='word_1_243' title='bbox 1133 3775 1287 3862; x_wconf 88' lang='lat' dir='ltr'><strong>singulos</strong></span> 
     </span>
    </p>
   </div>
   <div class='ocr_carea' id='block_1_8' title="bbox 164 3868 1288 4181">
    <p class='ocr_par' dir='ltr' id='par_1_10' title="bbox 164 3868 1288 4181">
     <span class='ocr_line' id='line_1_35' title="bbox 239 3868 1287 3967; baseline 0.008 -34"><span class='ocrx_word' id='word_1_244' title='bbox 239 3868 314 3934; x_wconf 83' lang='lat' dir='ltr'><strong>fere</strong></span> <span class='ocrx_word' id='word_1_245' title='bbox 331 3873 468 3963; x_wconf 83' lang='lat' dir='ltr'><strong>navium</strong></span> <span class='ocrx_word' id='word_1_246' title='bbox 483 3878 641 3944; x_wconf 89' lang='lat' dir='ltr'><strong>ductores</strong></span> <span class='ocrx_word' id='word_1_247' title='bbox 656 3879 785 3967; x_wconf 88' lang='lat' dir='ltr'><strong>origine</strong></span> <span class='ocrx_word' id='word_1_248' title='bbox 802 3878 991 3944; x_wconf 88' lang='lat' dir='ltr'><strong>referenda.</strong></span> <span class='ocrx_word' id='word_1_249' title='bbox 1029 3877 1127 3966; x_wconf 90' lang='lat' dir='ltr'><strong>Quae</strong></span> <span class='ocrx_word' id='word_1_250' title='bbox 1144 3903 1199 3943; x_wconf 85' lang='lat' dir='ltr'><strong>res</strong></span> <span class='ocrx_word' id='word_1_251' title='bbox 1216 3900 1287 3944; x_wconf 91' lang='lat' dir='ltr'><strong>non</strong></span> 
     </span>
     <span class='ocr_line' id='line_1_36' title="bbox 164 3973 1288 4071; baseline 0.012 -36"><span class='ocrx_word' id='word_1_252' title='bbox 164 4064 167 4070; x_wconf 24' lang='lat'>¹</span> <span class='ocrx_word' id='word_1_253' title='bbox 237 3973 428 4064; x_wconf 85' lang='lat' dir='ltr'><strong>potuitnon</strong></span> <span class='ocrx_word' id='word_1_254' title='bbox 440 4004 512 4046; x_wconf 88' lang='lat' dir='ltr'><strong>esse</strong></span> <span class='ocrx_word' id='word_1_255' title='bbox 521 3982 941 4069; x_wconf 82' lang='lat' dir='ltr'><strong>Romanisistulegentibus</strong></span> <span class='ocrx_word' id='word_1_256' title='bbox 955 3982 1152 4067; x_wconf 84' lang='lat' dir='ltr'><strong>gratissima.</strong></span> <span class='ocrx_word' id='word_1_257' title='bbox 1178 3977 1288 4071; x_wconf 89' lang='lat' dir='ltr'><strong>Quod</strong></span> 
     </span>
     <span class='ocr_line' id='line_1_37' title="bbox 239 4075 1288 4181; baseline 0.013 -42"><span class='ocrx_word' id='word_1_258' title='bbox 239 4084 273 4140; x_wconf 83' lang='lat' dir='ltr'><strong>et</strong></span> <span class='ocrx_word' id='word_1_259' title='bbox 295 4075 368 4142; x_wconf 88' lang='lat' dir='ltr'><strong>aliis</strong></span> <span class='ocrx_word' id='word_1_260' title='bbox 389 4078 470 4181; x_wconf 83' lang='lat' dir='ltr'><strong>locis</strong></span> <span class='ocrx_word' id='word_1_261' title='bbox 494 4084 708 4169; x_wconf 84' lang='lat' dir='ltr'><strong>monuimus,</strong></span> <span class='ocrx_word' id='word_1_262' title='bbox 731 4107 829 4177; x_wconf 78' lang='lat' dir='ltr'><strong>saepe</strong></span> <span class='ocrx_word' id='word_1_263' title='bbox 841 4084 1036 4173; x_wconf 84' lang='lat' dir='ltr'><strong>Virgilium,</strong></span> <span class='ocrx_word' id='word_1_264' title='bbox 1060 4084 1131 4150; x_wconf 87' lang='lat' dir='ltr'><strong>sive</strong></span> <span class='ocrx_word' id='word_1_265' title='bbox 1148 4108 1288 4167; x_wconf 62' lang='lat' dir='ltr'><strong>memo*</strong></span> 
     </span>
    </p>
   </div>
   <div class='ocr_carea' id='block_1_9' title="bbox 0 0 1358 4636">
    <p class='ocr_par' dir='ltr' id='par_1_11' title="bbox 0 0 1358 4636">
     <span class='ocr_line' id='line_1_38' title="bbox 0 0 1358 4636; baseline 0 4"><span class='ocrx_word' id='word_1_266' title='bbox 0 0 1358 4636; x_wconf 95' lang='lat' dir='ltr'><strong> </strong></span> 
     </span>
    </p>
   </div>
  </div>
 </body>
</html>
