2708 4636
514 294 834 363 madii-n-

141 464 299 548 ''enarrat
341 473 383 540 In
404 492 470 557 qus
491 477 657 556 quantum
675 467 802 554 ubique
820 465 864 533 sit
888 466 1036 552 artificii,
1067 472 1198 555 quanta

116 585 121 601 ⁸
149 574 519 670 rerumprobabilitas,
543 573 681 657 longum
705 583 754 636 est
770 571 893 636 dicere.
934 574 984 640 Ne
998 574 1035 637 in
1049 572 1103 643 his
1115 573 1199 660 qui-

152 690 231 754 dem
244 704 389 770 usquam
406 674 547 762 Trojani
567 674 644 759 equi
657 673 725 739 ulla
736 673 777 738 fit
790 676 932 740 mentio.
974 674 1109 762 Ubique
1129 676 1198 745 ho-

97 776 103 784 *
151 789 279 857 minem
290 784 463 874 videmus,
485 779 536 844 nit
547 778 613 843 nisi
627 780 716 843 mala
730 801 793 843 sua
807 781 1023 864 cogitantem,
1046 790 1081 842 et
1092 780 1197 845 saluti

109 970 112 975 .
152 913 252 974 suae,
289 887 317 953 si
337 907 403 971 quo
426 893 524 971 pacto
546 879 658 944 adbuc
684 878 759 943 fieri
786 881 907 968 possit,
924 940 933 956 s
950 883 1195 952 consulentem.

149 997 293 1081 Egregie
306 987 430 1055 desinit
453 982 560 1049 oratio
571 980 606 1045 in
621 979 774 1046 versibus
797 984 940 1049 mirifice
956 987 998 1050 ad
1013 984 1198 1054 commise-

149 1099 318 1167 rationem
339 1091 436 1162 factis
449 1100 483 1153 et
496 1087 532 1151 in
552 1082 673 1170 quibus
689 1081 818 1175 insigne
838 1088 1008 1172 quoddam
1020 1085 1129 1166 πάθος
1141 1088 1198 1152 in·-

151 1214 210 1268 est.
251 1199 364 1266 Isthoo
384 1191 530 1282 patriae,
552 1200 727 1266 natorum,
750 1190 898 1272 parentis
915 1189 1141 1269 desiderium,
1164 1202 1198 1256 et

149 1302 379 1388 solicitus'pro
396 1296 534 1360 illorum
547 1291 655 1355 salute
670 1301 796 1369 metus,
817 1292 922 1356 animi
943 1291 1104 1357 affectum
1118 1314 1197 1357 eum

74 1451 78 1457 -
149 1404 295 1497 prodere
309 1401 483 1478 videntur,
505 1394 563 1481 qui
576 1391 618 1456 ab
641 1392 717 1473 illa,
741 1396 876 1477 quaein
899 1392 1083 1481 impostore
1097 1391 1197 1477 inest,

115 1586 117 1591 ¹
152 1508 358 1595 cogitata'et,
371 1512 412 1566 ut
423 1501 470 1565 sic
479 1498 600 1578 dicam,
614 1493 739 1581 frigida
753 1497 874 1562 astutia
888 1499 1130 1583 maximopere
1137 1501 1198 1563 ab·

149 1612 300 1682 horreat.
344 1607 434 1676 Tum
449 1602 556 1668 etttta
570 1621 633 1687 per
654 1621 808 1686 superos,
833 1623 893 1688 per
908 1601 1047 1666 conscio
1063 1599 1197 1669 Numi·

152 1735 199 1779 no
210 1709 287 1777 veri
301 1718 363 1772 etc.
386 1702 671 1792 animisuppliois
692 1701 905 1790 imploratio,
936 1702 1046 1768 omnis
1067 1703 1195 1784 isthaec

150 1810 299 1881 hominis
320 1806 434 1876 miseri
461 1818 495 1870 et
513 1805 670 1895 prostrati
686 1805 912 1871 lamentabilis
932 1808 1061 1889 oratio,
1094 1827 1192 1894 quam

78 1896 80 1901 ι
150 1934 274 2007 parum
288 1909 444 2003 profecta
455 1908 567 1974 videri
578 1919 688 1999 potest
701 1909 743 1974 ab
761 1931 812 1991 eo,
835 1911 894 1996 qui
908 1909 1093 1998 composita
1106 1907 1192 1978 baa:

152 2021 196 2084 de
208 2017 251 2084 ad
266 2014 451 2082 fallendum
464 2013 662 2079 accesserit?
694 2012 802 2080 Antea
813 2011 917 2098 igitur
930 2010 1012 2078 Sino
1027 2007 1194 2098 Trojano·

152 2136 233 2187 rum
252 2116 407 2206 ingenio,
430 2140 523 2183 nuno
542 2141 624 2184 vero
645 2118 746 2183 etiam
768 2115 905 2200 animo,
927 2114 955 2179 si
973 2115 1021 2184 ita
1038 2113 1136 2200 loqui
1150 2112 1201 2178 fas

145 2223 220 2303 est,
243 2222 364 2290 sucum
387 2220 478 2287 facit.
521 2221 572 2289 Ea
591 2220 744 2309 primum
765 2219 913 2298 dixerat,
937 2240 1022 2303 quae
1038 2237 1199 2303 magnam

150 2329 187 2398 in
201 2306 325 2393 severi
346 2324 492 2412 speciem
508 2322 693 2403 habebant,
715 2344 807 2386 nunc
831 2320 879 2384 ita
891 2318 1058 2403 loquitur,
1082 2333 1123 2385 ut
1136 2342 1199 2387 ne-

78 2434 81 2441 '
150 2451 221 2508 mo,
244 2422 309 2493 nisi
326 2427 473 2513 probus,
494 2427 655 2492 honestus
673 2448 716 2490 ¹ue
731 2423 876 2513 optimae
889 2421 1012 2487 indolis
1028 2422 1132 2488 homo
1144 2424 1200 2488 lo·
1224 2424 1236 2438 ‘

151 2531 316 2618 quiposse
336 2527 483 2592 videtur.
528 2525 632 2615 Quod
654 2549 764 2593 unum
785 2527 827 2589 ad
845 2527 982 2612 plenam
1004 2525 1200 2612 persuasio-

150 2654 230 2698 nem
252 2630 378 2694 deerat.
422 2631 501 2716 l’ost
521 2629 604 2694 haec
627 2627 733 2714 igitur
757 2628 904 2711 nemini,
933 2627 1072 2717 opinor,
1095 2629 1200 2697 inex-

148 2744 286 2827 pectata
302 2731 491 2829 eruntilla:
593 2729 596 2734 ¹
657 2813 664 2826 ,
1178 2800 1181 2808 ,

107 2836 118 2849 ‘
195 2837 258 2901 His
272 2835 412 2897 lacrimis
427 2834 526 2896 vitam
543 2834 671 2914 damus,
696 2851 729 2899 et
743 2834 975 2897 miserescimus
990 2841 1077 2900 ultro
1094 2854 1155 2916 cet.

230 2937 365 3029 ,Quidni
374 2937 441 3020 jam
458 2935 613 3026 deinceps
627 2940 727 3026 plena
739 2937 820 3002 fides
830 2937 889 3017 sit,
912 2937 1075 3022 quidquid
1086 2938 1199 3004 libue-

150 3046 213 3127 rit,
236 3040 384 3106 dicenti?
420 3037 487 3129 Sed
502 3039 605 3105 nesio
619 3039 773 3126 quidem,
796 3041 886 3128 quod
908 3051 956 3105 est
968 3052 1089 3128 poetae
1105 3041 1207 3127 judi-·

153 3149 256 3226 cium,
276 3165 350 3209 rem
367 3141 477 3228 ipsam
495 3143 591 3222 satis,
612 3153 652 3206 ut
670 3143 781 3209 videri
799 3143 1115 3232 poseamunitam
1140 3167 1201 3232 ag-

123 3248 127 3257 '
149 3245 314 3338 greditur·
357 3244 494 3331 Equum
514 3244 737 3334 illumprope
754 3246 959 3327 adstantem,
981 3245 1074 3315 haud
1096 3249 1201 3335 magis

151 3375 190 3418 ac
203 3349 232 3416 si
254 3339 368 3414 nullus
389 3359 493 3428 esset,
516 3359 623 3434 purat.
667 3348 868 3418 Ceterorum
886 3349 1040 3414 omnium
1063 3349 1200 3430 oblitus,

148 3475 258 3520 unum
279 3472 315 3516 se
336 3449 466 3536 cogitat.
509 3450 690 3537 Rogandus
709 3453 861 3540 primum
880 3464 929 3515 est
949 3451 1102 3534 Priamo,
1140 3452 1200 3518 sed

150 3569 225 3625 tum
237 3578 301 3622 neo
321 3553 462 3618 ulterius
474 3565 605 3642 tempus
623 3552 763 3620 fallendi
782 3575 875 3628 nunc
893 3555 962 3635 jam
978 3555 1200 3639 opportunis-

134 3660 273 3739 ‘simum
288 3655 411 3723 differt.
454 3655 654 3744 Respondet,
665 3657 723 3722 sed
736 3679 801 3744 qua
814 3655 910 3734 arte?
933 3637 1103 3737 Versibus,
1116 3678 1200 3743 quos

39 3789 42 3804 ·
151 3782 266 3840 nemo,
288 3752 389 3824 sensu
405 3783 475 3827 nou
489 3760 620 3848 penitus
636 3758 822 3842 destitutus,
843 3758 915 3823 sine
930 3758 1071 3823 horrore
1086 3759 1200 3844 legere

50 3852 54 3859 ¹
152 3862 270 3952 possit,
291 3860 443 3948 primum
459 3885 493 3928 se
508 3861 628 3927 liberat
646 3862 741 3929 omni
755 3875 821 3948 quo
836 3884 913 3927 oum
930 3862 1069 3928 Graecis
1085 3863 1203 3929 conti-
1232 3938 1243 3952 ἱ

115 4044 124 4049 ,
151 3964 297 4032 uebatur
309 3962 458 4031 vinculo.
501 3964 551 4030 Ea
564 3989 600 4030 se
612 3965 783 4031 dicturum
796 3964 904 4047 sentit,
927 3987 1014 4050 quae
1028 3965 1200 4031 Graecum

151 4065 327 4136 bominem
344 4065 498 4154 prodere,
521 4067 726 4159 inexpiabile
740 4067 835 4134 nefas
851 4069 903 4136 sit.
925 4071 1041 4158 ltaque
1054 4068 1216 4136 solemni
