2708 4636
15 464 26 493 t

535 277 629 309 -··'
675 281 716 347 90
769 297 855 312 -···

177 474 180 478 ·
218 430 221 434 Α
258 431 573 505 Erit-autemhaee
595 429 776 518 disputatio
801 433 985 526 tripartite.¹
1039 441 1089 508 Ac
1109 444 1224 532 prima

175 541 310 629 quidem
329 560 408 627 pars
430 536 517 603 circa
537 534 647 623 operis
665 535 843 601 materiam
869 541 1058 607 versabitur
1076 546 1143 628 ita,
1167 563 1218 634 ut,

174 644 316 731 quidex
330 651 443 704 vetere
457 638 499 708 de
513 638 704 724 Pythagora
724 640 781 703 vel
804 640 944 705 historia
963 645 1016 708 vel
1033 649 1220 718 traditione

172 756 272 835 poeta
298 742 467 822 hauserit,
506 741 633 840 collatis
660 739 864 827 scriptorum
891 745 972 809 locis
991 751 1217 819 ostendamus.
1286 749 1289 760 ’

174 847 316 918 Deinde,
337 843 522 931 quomodo
543 844 616 928 ejus
631 841 804 928 ingenium
825 845 890 911 hoc
913 870 1012 914 omne
1025 859 1222 923 tractaverit

172 961 274 1035 atque
297 946 531 1026 exornaverit,
555 944 1043 1036 secunda,parteexponetur.
1101 958 1220 1026 Tertia

170 1049 316 1136 denique
338 1050 408 1115 loca
423 1049 588 1136 quaedam
604 1057 762 1135 corrupta
785 1070 823 1112 ac
836 1048 1019 1137 depravata
1036 1058 1215 1130 restituere

168 1153 207 1219 in
221 1153 392 1239 integrum
408 1151 616 1216 conabimur.

82 1262 88 1276 ’
151 1251 155 1261 ‘
255 1253 413 1319 Primum
436 1253 591 1317 omnium
615 1251 699 1316 illud
720 1252 836 1337 quaeri
859 1257 975 1342 possit,
1008 1281 1075 1345 qua
1100 1283 1216 1332 caussa

162 1366 346 1451 'permotus
370 1354 517 1423 Ovidius
530 1353 758 1441 Pythagoram
777 1378 817 1418 eo
832 1356 1044 1443 potissimum
1060 1367 1136 1430 loco
1152 1369 1217 1434 do·

169 1459 313 1527 utrinam
335 1476 438 1538 suam,
455 1455 628 1523 induxerit
648 1469 886 1543 exponentem.
930 1459 1042 1548 Atque
1055 1466 1122 1532 hcc
1137 1470 1231 1554 qui-'

163 1563 260 1644 dem,
279 1558 410 1648 opinor,
433 1560 561 1633 clarum
580 1569 640 1640 est,
655 1557 764 1637 illum,
787 1580 893 1643 quum
910 1562 1012 1627 resin
1027 1567 1122 1631 varia
1137 1593 1217 1635 cor-

168 1687 258 1756 pora
277 1660 533 1730 transformatas
555 1670 707 1739 caneret,
735 1660 886 1726 nobilem
907 1661 998 1747 illam
1020 1667 1214 1757 philosophi

166 1765 274 1837 Samii
288 1785 532 1853 μετεμψυχωσιν,
545 1763 602 1827 vel
615 1761 728 1826 verius
741 1789 1010 1849 μετενσωματωσιν
1023 1773 1216 1853 praeterire

166 1869 231 1936 vix
246 1866 405 1958 potuisse,
427 1889 466 1931 eo
481 1866 593 1933 minus
614 1874 731 1943 autem
745 1866 902 1951 voluisse,
925 1869 1013 1954 quod
1026 1870 1088 1934 hoc
1103 1894 1210 1959 argu-

41 1964 66 2035 ⁴.
165 1984 325 2043 mentum
344 1970 483 2046 omnino
504 1967 758 2055 pulcerrimum·
772 1981 863 2050 erat,
894 1971 933 2035 in
960 1996 1024 2060 quo
1041 1985 1209 2055 ostentare

165 2062 240 2165 ‘'vim
254 2073 377 2160 ingenii
393 2082 515 2160 posset.
538 2070 609 2136 Cur
625 2095 706 2138 vero
725 2073 788 2138 hcc
803 2071 917 2162 potius
928 2075 1107 2160 quamalio
1119 2077 1213 2145 omni
1264 2100 1266 2103 ·

162 2177 240 2246 loco
263 2174 348 2241 illud
370 2175 641 2240 interserendum
661 2176 809 2264 putarit,
833 2198 955 2262 egone
980 2177 1212 2263 quaerendum

163 2279 302 2368 quidem
325 2276 571 2360 existimarem,
604 2276 670 2342 nisi
690 2278 880 2364 quaesitum
904 2291 991 2342 esset
1010 2301 1030 2342 a
1054 2281 1210 2347 Banierio

165 2395 200 2448 et
214 2380 458 2457 Warburtono,
474 2379 557 2444 viris
576 2379 786 2475 doctissimis.
832 2379 991 2467 Quorum
1005 2380 1062 2445 ille
1074 2382 1225 2470 quidem·

161 2482 253 2550 hanc
267 2480 434 2544 rationem
451 2479 572 2562 adfert,
595 2493 635 2546 ut
648 2480 745 2564 dicat,
763 2489 910 2570 poetam,
926 2481 1077 2548 absoluta
1091 2506 1209 2551 rerum

163 2580 459 2648 transformatione
474 2582 647 2670 historice,
669 2576 810 2649 alteram
825 2585 931 2667 illam,
947 2582 1104 2651 videlicet
1117 2588 1211 2674 phy-

163 2687 276 2766 sicam,
300 2684 506 2771 subjungere
519 2684 745 2766 constituisse,
768 2709 854 2773 quae
870 2687 1083 2776 Pythagorae
1098 2689 1211 2756 verbis

162 2786 422 2863 Crotonensibus
448 2788 674 2877 explicaretur
694 2787 736 2869 *)·
797 2792 896 2880 Quae
916 2814 1013 2855 causa
1043 2813 1147 2876 quam
1166 2792 1209 2858 sit

27 2958 31 2979 ,
123 2951 125 2956 .
160 2893 271 2965 inanis
286 2888 386 2978 atq'ue
399 2890 500 2972 falsa,
523 2914 592 2958 non
617 2902 666 2956 est
678 2904 867 2957 necesseut
883 2891 1008 2974 dicam,
1031 2916 1110 2958 cum
1124 2917 1208 2982 par·-

160 2997 226 3063 tim
249 3019 310 3083 per
330 3016 366 3057 se
386 3004 517 3080 pateat,
538 2995 664 3083 partim
680 3008 830 3084 poetam,
855 2993 1012 3081 expositis
1033 2996 1207 3063 doctrinae

147 3089 399 3186 'Pythagoricae
414 3099 618 3186 praeceptis,
639 3124 722 3166 mox
737 3102 777 3166 ad
796 3097 955 3164 historica
969 3098 1112 3181 reverti,
1133 3100 1205 3186 jam

161 3212 254 3269 recte
275 3198 377 3264 suerit
402 3195 620 3268 observatum
641 3225 660 3267 a
680 3201 920 3273 Warburt0n0.
979 3199 1097 3286 Neque
1119 3225 1205 3267 vero

138 3292 225 3384 .liic,
248 3288 398 3388 ¹quamvis
412 3300 565 3368 subtilius
588 3305 629 3368 de
644 3306 759 3370 eadem
775 3327 813 3375 re
830 3301 1009 3391 disputans,
1031 3303 1116 3368 mihi
1133 3305 1205 3372 ullo

156 3405 263 3483 ⁸modo
279 3404 471 3493 persuadet,
493 3427 575 3471 vera
589 3429 666 3493 esse*
677 3430 765 3494 quae
778 3405 873 3471 dicit:
897 3432 1133 3488 μεταμορφωσιν
1150 3417 1205 3471 at-

88 3499 93 3508 *
159 3531 225 3597 qne
245 3527 482 3595 μετεμψυχωσιν
505 3508 663 3574 veterum
689 3509 851 3595 religione
874 3507 920 3575 ita
943 3507 984 3572 ab
1006 3528 1041 3569 se
1056 3505 1204 3585 ,differre

160 3602 366 3677 existimatae
389 3632 476 3691 esse,
499 3622 538 3674 ut
557 3610 661 3676 altera
677 3609 724 3695 in
737 3610 825 3693 vita,
841 3611 956 3694 altera
968 3619 1043 3698 post
1056 3621 1203 3676 mortem

157 3712 311 3810 homines
333 3712 496 3791 scelerum
513 3725 618 3809 ‘atque
642 3713 826 3802 impietatis
841 3735 968 3804 poenas
986 3713 1082 3777 luere
1097 3723 1203 3801 puta-

158 3884 366 3903 Μ

91 4070 95 4074 λ
129 3956 131 3961 .
157 3995 160 4001 ·
192 3987 290 4059 ’μου
312 3949 604 4064 Metamorphoses-(P
617 3991 713 4049 Ovide
728 4008 795 4049 avec
814 3989 861 4048 des
880 4009 1040 4074 remarques
1055 4006 1083 4049 et
1097 3992 1146 4050 des
1158 3987 1204 4050 eit·

224 4069 376 4147 plicatione
394 4074 579 4153 historiques.
613 4079 705 4136 Tomi
717 4083 770 4135 ΙΙΙ.
