2708 4636
529 282 721 370 *1¹5²
759 304 900 360 ehu·

177 455 280 523 etiam
299 454 469 533 Ciceronis
486 454 637 524 indolem
656 467 758 542 atque
775 457 903 546 stylum
914 426 1068 544 referat,
1095 485 1223 535 corum

178 573 256 624 ante
278 562 359 628 alios
382 573 451 625 ecto
472 560 651 644 judicium,
679 559 740 646 qui
760 571 796 626 et
814 583 949 629 censum
971 564 1098 630 habent
1117 568 1225 653 hujua

179 660 365 748 scriptorio·
378 661 508 727 assidua
530 663 676 729 lectione
706 662 915 745 formatum,
943 677 1044 751 atque
1064 690 1164 734 aures
1183 673 1223 738 in

129 807 137 815 -
180 762 302 852 primia
323 763 473 831 notandis
496 766 651 830 numeris
674 776 709 829 et
729 764 890 830 orationis
908 767 1036 833 ambitu
1051 776 1225 840 exercita-
1280 778 1283 783 ’

182 873 246 928 tas.
284 863 441 954 Quorum
458 866 609 954 profecto
624 888 728 930 nemo
740 879 807 949 est,
830 867 887 953 qni
904 890 974 932 non
986 873 1099 937 statim
1115 896 1226 959 agno-

183 973 255 1027 ecat
279 963 378 1033 illum
399 967 570 1035 Ciceronis
589 992 738 1048 morem,
769 969 936 1058 particula
956 973 1021 1037 ced
1033 975 1226 1044 oraticnem

64 1114 73 1131 ,
184 1085 290 1153 prope
308 1066 601 1141 innumerabiliter
620 1074 668 1137 sic
687 1072 926 1137 continuantia
972 1069 1087 1161 Quem
1108 1077 1137 1141 si
1160 1102 1228 1144 ex-

185 1166 305 1252 emplis
318 1168 457 1240 demum
470 1187 528 1238 aut
541 1175 707 1248 illustrare
716 1175 830 1255 velim,
846 1188 906 1238 aut
923 1176 1102 1255 vindicare,
1116 1202 1228 1266 paene

185 1261 321 1354 ineptus
344 1272 419 1340 eim.
464 1278 523 1341 llla
537 1300 618 1341 vero
631 1277 791 1343 orationis
805 1279 977 1342 institutae
990 1278 1104 1360 aliter,
1126 1282 1230 1349 aliter

187 1371 401 1440 continuatae
437 1377 659 1467 discrepantia
686 1380 803 1445 multis
832 1377 974 1447 fortasse
987 1380 1107 1465 aliquo
1130 1385 1230 1451 loco-

187 1493 268 1537 rum
285 1496 355 1541 non
372 1477 582 1546 dissimilium
598 1481 750 1568 indigere
764 1481 919 1547 videatur
933 1482 1134 1566 testimonie,
1155 1511 1230 1556 non

104 1580 112 1593 '
181 1572 269 1638 uitio
282 1575 550 1667 intelligentibus,
565 1605 634 1669 quo
647 1583 749 1648 modo
764 1583 900 1648 acervis
914 1584 1114 1650 lautioribus
1128 1611 1235 1652 com-

189 1676 545 1761 parationem-ducere
565 1685 731 1775 incipiens
753 1682 891 1762 Cicero,
912 1685 955 1749 ad
978 1708 1052 1765 eos,
1074 1687 1134 1770 qui
1156 1711 1232 1758 non

190 1773 464 1852 honestissimum
486 1788 601 1854 locum
619 1785 791 1877 servitutis
811 1796 967 1868 teneant,
996 1787 1103 1853 cubito
1128 1788 1238 1854 dese.

189 1889 297 1944 ratur·
342 1886 414 1978 Qui
430 1889 457 1953 ai
471 1888 585 1955 omnia
599 1887 785 1955 accuratius
799 1891 1010 1976 expendant,
1031 1887 1230 1975 intelligent,

93 2046 96 2071 Ι
191 1979 293 2048 iotam
316 1989 499 2075 verbbrum
521 1992 626 2077 magio
648 2013 753 2077 quam
768 2013 885 2056 seusus
902 2015 973 2056 eaae
988 1989 1235 2074 diversitatem,

195 2094 295 2170 atque
323 2089 493 2159 brevitatis
520 2117 621 2160 cauae
648 2095 846 2161 Ciceronem
875 2093 1038 2159 orationis
1059 2093 1236 2163 institutae

194 2186 290 2287 velut
311 2216 449 2262 currum
471 2196 537 2264 alio
559 2197 739 2265 iullexieee.
783 2195 886 2284 Quod
906 2197 997 2262 enim
1017 2196 1239 2280 loquentibuo

194 2304 267 2358 lton
287 2317 369 2363 raro
389 2320 453 2365 usu
475 2299 584 2383 venit,
606 2311 644 2365 ut
664 2299 718 2383 id,
740 2298 830 2385 quod
852 2299 991 2378 volunt,
1021 2298 1236 2366 commodine

180 2413 232 2456 ‘ee
256 2393 368 2464 dicere
388 2423 505 2489 poree,
527 2424 630 2491 quam
655 2397 865 2490 inceperant,
887 2401 1085 2480 sentientes,
1106 2400 1144 2463 in
1157 2400 1238 2487 ipro

194 2500 362 2565 sermonis
381 2525 482 2570 cureu
505 2526 541 2570 ee
565 2505 753 2590 corrigant,
782 2505 872 2570 idem
895 2503 950 2568 liic
968 2513 1050 2591 puto
1075 2500 1235 2571 Ciceroni

197 2593 372 2682 accidiae,
394 2617 432 2669 ut
452 2605 736 2694 comparationem
761 2605 806 2668 ita
823 2605 1003 2670 instituens
1017 2604 1239 2691 intelligeret,

197 2713 234 2758 ee
256 2707 290 2762 et
309 2697 447 2772 brevius
469 2719 504 2774 et
521 2709 628 2796 megia
648 2707 896 2775 accommodate
911 2704 1006 2771 deeo
1022 2717 1155 2772 tantum
1170 2730 1251 2793 geo·

199 2816 282 2864 uere
301 2824 479 2874 ceruorum
502 2831 574 2877 erae
591 2811 778 2891 dicturum,
800 2810 889 2896 quod
904 2832 1017 2894 parem
1033 2830 1112 2873 cum
1126 2808 1237 2875 stultia

164 2978 167 2985 ,
196 2897 274 2984 11111,
288 2907 331 2974 de
345 2898 466 2998 quibus
480 2911 691 2999 loquebatur,
708 2911 851 2978 babebat
865 2911 1104 2999 dignationem.
1129 2910 1240 3000 Quod

198 3000 227 3068 ai
250 3027 334 3075 vero
356 3012 525 3101 inceptam
548 3017 714 3082 rationem
727 3014 905 3089 tenuisset,
928 3017 1031 3103 plena
1044 3013 1150 3080 oratio
1164 3013 1238 3079 hu·
1294 3076 1298 3085 ,

196 3102 382 3188 juscemodi
402 3115 564 3200 quaedem
590 3129 663 3182 erat
681 3115 803 3184 future·
845 3115 1177 3207 „Quemadmodum
1196 3114 1236 3181 iu

91 3293 94 3302 Δ
198 3227 341 3301 „mgna
363 3215 491 3282 familia
504 3216 581 3282 sunt
597 3219 654 3284 alii
668 3219 826 3285 lautiores
839 3220 947 3301 cerui,
969 3219 1026 3283 alii
1041 3217 1154 3282 miuus
1165 3215 1237 3279 ho·

198 3313 320 3393 „neoti
340 3315 386 3382 ita
403 3321 504 3407 plane
517 3331 552 3384 et
565 3320 622 3385 ieti
635 3321 854 3410 cupiditatum
868 3342 1008 3388 auarum
1025 3319 1117 3383 serui
1132 3316 1237 3386 aliam

198 3411 279 3491 „elii
299 3413 427 3487 habent
447 3421 686 3506 dignationem.
729 3424 839 3512 Atque
856 3434 895 3488 ut
914 3423 959 3496 ii,
979 3419 1038 3508 qui
1052 3418 1240 3505 signorum,

199 3512 431 3606 „tabularum,
460 3524 686 3610 similiumque
706 3546 824 3590 rerum
844 3543 963 3588 curam
986 3521 1130 3602 habent,
1164 3545 1240 3589 non

134 3700 136 3704 ¹
199 3610 496 3695 „honestissimum
517 3625 633 3693 locum
655 3628 822 3696 servitutis
836 3636 969 3702 tenent,
991 3625 1040 3688 ita
1055 3624 1157 3690 etiam
1175 3648 1240 3690 ea-

200 3721 366 3793 »sstndem
392 3713 512 3797 rerum
535 3727 651 3818 cupidi
678 3729 772 3800 iatius
794 3727 963 3796 servitutis
986 3727 1103 3796 locum
1125 3746 1240 3826 paene

199 3815 380 3895 „infimum
399 3832 561 3904 obtinent.
573 3837 596 3878 ⁴⁶
755 3827 758 3832 ’

282 3923 355 3995 lam
378 3953 463 3998 vero
481 3934 580 4017 haee,
603 3956 689 4021 quae
707 3954 769 3998 noe
784 3930 1160 4023 supplevimus,;laoile
1171 3949 1236 4018 per

197 4039 237 4090 ce
259 4024 493 4121 intelligendo,
520 4037 686 4119 omittens}
706 4036 952 4115 Cicerc,·.non·
970 4034 1074 4102 modo
1100 4030 1236 4100 brevius
