2708 4636
499 335 819 402 ...77...

101 548 105 561 .
140 491 214 558 rius
228 508 340 574 neque
346 485 517 573 ingenium
526 483 647 570 judicio
661 496 774 574 neque
786 485 867 551 lima
878 486 1012 574 ingenio
1026 508 1178 578 unquam
1249 568 1252 573 ,

141 591 258 658 obfuit.
309 590 396 657 Nam
413 612 477 676 per
488 588 603 654 omnia
615 588 736 675 plenus
752 595 929 675 venustate
943 603 1046 678 atque
1056 593 1180 680 lepore,

142 708 176 762 et
184 694 297 782 prima
311 689 457 758 lectione
472 688 560 776 rapit
572 691 607 754 in
618 690 875 755 admirationem
890 693 1054 775 animum,
1070 714 1183 781 neque

142 796 288 865 sensoria
307 793 437 879 singula
456 790 607 857 rimantis
631 790 757 856 lentam
781 792 909 879 refugit
924 796 1188 884 pervestigatio··

142 918 241 976 nem,
266 907 300 959 et
320 917 398 961 cum
418 898 524 961 multa
544 893 717 975 ostendat,
745 896 842 983 plura
867 895 968 961 habet
987 897 1025 960 in
1039 920 1182 969 masau,

142 999 238 1066 Adeo
259 998 353 1063 enim·
371 1010 406 1063 et
427 1009 499 1064 arte
522 994 694 1084 perfectus
709 1008 759 1060 est
773 1009 807 1062 et
825 1009 964 1072 natura,
985 1009 1025 1061 ut
1037 1000 1183 1088 scripto-

96 1148 100 1155 ·
141 1124 226 1168 rem·
252 1099 356 1186 magis
385 1100 586 1186 castigatum
608 1110 668 1162 aut
686 1096 879 1165 absolutum¹
896 1098 955 1165 vix
978 1099 1044 1183 ulla
1066 1102 1185 1170 tulerit

142 1217 242 1272 aetas.
284 1201 343 1268 His
365 1215 398 1268 et
418 1203 540 1269 talibus
557 1198 724 1286 magistris
747 1200 897 1266 imbutus
912 1200 1105 1277 adolescens
1123 1229 1182 1269 ne.

144 1329 210 1394 que
228 1329 266 1369 ea
288 1303 438 1392 profecto
460 1305 581 1386 discet,
610 1322 695 1387 quae
707 1315 825 1388 postea
840 1325 963 1390 magno
976 1301 1092 1369 labore
1104 1303 1185 1370 fue-

144 1402 215 1489 rint
237 1408 454 1487 dediscenda,
488 1417 588 1490 atque
601 1403 641 1468 iis
656 1404 758 1470 initiis
772 1405 908 1470 munito
918 1407 995 1472 satis
1011 1406 1185 1495 perfecto-

146 1522 212 1596 que
231 1507 355 1595 judicio
371 1520 480 1575 cetera
495 1505 664 1592 quaelibet
680 1505 780 1573 facile
793 1507 866 1571 sine
880 1509 1030 1594 periculo
1042 1509 1142 1597 leget.

230 1612 339 1695 Atque
350 1611 411 1676 hos
424 1608 561 1697 quidem
575 1608 676 1670 etiam
687 1607 828 1674 seorsim
842 1631 964 1697 magno
980 1632 1059 1675 cum
1068 1610 1188 1678 linctu

148 1691 296 1786 dersabit
314 1713 522 1779 adolescens:
545 1710 588 1774 ad
602 1731 720 1773 eorum
734 1722 863 1790 autem,
886 1710 1023 1797 qui'sibi
1036 1714 1104 1779 sint
1118 1738 1187 1782 ex-

146 1817 311 1906 plicandi,
332 1813 512 1879 lectionem
536 1811 650 1879 adesse
670 1812 771 1879 velim
794 1812 941 1881 liberalis
964 1826 997 1878 et
1011 1816 1185 1884 erectionis

146 1907 276 2005 ingenii
296 1925 568 2002 praeceptorem,
590 1914 648 1999 qui
665 1915 747 1979 sciat
759 1916 850 1979 ultra
866 1916 1112 1985 vocabulorum
1126 1945 1187 1989 co·-

147 2019 241 2109 piam
256 2016 490 2099 etlinguarum
497 2012 646 2076 Graecae
658 2026 758 2098 atque
766 2017 905 2082 Latinae
915 2006 1105 2086 incultatem
1119 2023 1185 2088 ali-
1217 1998 1227 2021 ’
1326 2083 1331 2102 ,

151 2116 233 2204 quid
272 2137 341 2178 esse
374 2112 411 2177 in
441 2111 564 2175 veteris
591 2115 665 2176 aevi
692 2115 910 2199 scriptoribus
936 2123 1184 2200 quaerendumt

151 2216 278 2305 quique
300 2225 335 2280 et
351 2238 413 2281 suo
434 2212 559 2300 judicio
571 2213 688 2298 legat,
711 2224 745 2277 et
760 2216 940 2299 quominus
954 2241 993 2279 ea
1007 2241 1093 2303 qaae
1107 2235 1193 2289 sunt

149 2316 426 2410 reprehendenda
449 2315 603 2401 castiget,
625 2315 719 2380 nulla
742 2316 800 2381 vel
814 2316 1020 2400 antiquitatis
1039 2324 1096 2386 vel
1111 2347 1190 2389 ma-

150 2421 331 2511 gnitudinis
344 2419 544 2486 auctoritate
557 2417 771 2506 impediatur.
807 2418 893 2486 Nam
910 2417 968 2506 qui
980 2423 1094 2489 omnia
1106 2448 1192 2513 pro-2

151 2528 292 2594 baturus
316 2522 359 2588 ad
382 2520 630 2610 persolvendos
651 2534 810 2587 veterum
825 2521 928 2588 libros
946 2528 1139 2604 accesserit,
1161 2530 1191 2597 is

77 2688 81 2697 ,
150 2628 301 2719 profecto
320 2608 402 2693 inde
419 2647 543 2714 parum
564 2623 716 2712 proficiet
737 2624 780 2689 ad
800 2625 982 2711 judicium,
1009 2614 1110 2714 atque
1127 2655 1189 2720 ego

151 2729 290 2825 quidem
309 2728 418 2794 lenius
439 2727 550 2792 feram·
569 2729 734 2793 nonnulla
747 2725 917 2792 immerito
933 2732 1189 2814 reprehenden-

151 2847 240 2915 tem,
268 2853 369 2918 quam
405 2841 532 2893 temere
560 2828 741 2893 laudabilia
768 2828 961 2893 mirantem.
1003 2833 1094 2918 Ergo
1122 2835 1190 2900 hoo

152 2936 259 3001 sciant
274 2946 308 2997 et
322 2930 479 3016 magister
493 2940 528 2992 et
544 2928 738 3017 discipulus,
761 2929 904 2995 humani
921 2930 1047 3016 ingenii
1061 2948 1119 2999 aut
1134 2936 1196 3003 in..

153 3035 300 3102 dustriae
321 3056 405 3121 opus
428 3033 559 3098 nullum
584 3054 654 3094 esse
675 3029 879 3119 perlectum,
907 3033 1087 3120 ipsumque
1105 3041 1189 3106 adeo

152 3139 282 3204 bonum
306 3135 485 3220 aliquando
507 3132 690 3198 dormitare
708 3135 913 3200 Homerumz
941 3136 977 3201 in
999 3139 1100 3206 rebus
1126 3167 1191 3209 au-

151 3255 223 3308 tem
244 3242 299 3306 vel
322 3238 483 3304 mirandis
497 3238 550 3302 vel
564 3235 850 3320 reprehendendis
864 3261 974 3325 neque
988 3263 1071 3327 vago
1088 3242 1199 3312 et'in..

154 3343 264 3410 stabili
290 3365 390 3407 sensu
412 3341 582 3408 ducantur
596 3359 707 3423 neque
718 3338 874 3422 libidine,
895 3365 1015 3407 verum
1030 3346 1072 3409 ad
1085 3361 1191 3414 certas
1228 3408 1231 3419 ,

154 3445 284 3531 singula
317 3465 448 3510 caussas
479 3451 658 3521 revocent,
704 3442 1005 3529 complicatamque
1037 3449 1194 3516 studeant

155 3549 315 3614 evolvere
348 3545 451 3610 animi
482 3541 666 3608 notionem.
717 3543 829 3609 lnanis
850 3544 985 3630 quidem
1007 3557 1072 3626 est,
1101 3563 1193 3618 certo

156 3650 336 3741 perexigui
360 3647 403 3712 ad
423 3644 591 3732 judicium
609 3643 815 3710 emolimenti
831 3646 1072 3712 nonnullorum
1086 3651 1200 3732 labor„

157 3750 217 3840 qui
234 3733 314 3814 dum
330 3747 523 3814 ⁴existimari
544 3750 665 3813 volunt
686 3767 823 3812 omnem
837 3747 1026 3836 persentire
1039 3766 1193 3825 veterum

156 3852 356 3941 scriptorum
388 3849 642 3938 praestantiam,
677 3846 713 3910 in
739 3848 876 3934 singulis
895 3849 1061 3932 versibus,
1089 3879 1192 3943 quam

155 3954 368 4046 praeclarum
389 3966 437 4017 est
450 3955 533 4028 hoc,
557 3972 660 4038 quam
674 3948 847 4016 divinum!
869 3952 1070 4037 exclamant,
1093 3962 1192 4044 atque

133 4057 258 4127 modo
283 4075 413 4121 ornans
442 4055 633 4146 epitheton,
679 4052 782 4121 modo
800 4054 979 4143 pulchram
999 4057 1192 4144 imaginem,
