2708 4636
217 223 231 275 t

537 313 859 404 ...239-

191 489 394 569 belactatur,
417 487 512 576 quod
534 487 620 553 alter
639 486 874 555 centurionem
888 511 951 589 per
971 502 1027 575 se,
1053 464 1143 561 alter
1161 518 1230 583 per

188 595 312 661 amicos
333 591 508 658 Christum
527 587 646 655 adiisse
669 603 820 656 narrant.
865 591 975 687 Atque
992 596 1130 662 omnino
1139 599 1231 667 haec

185 697 287 763 venia
305 692 526 779 scriptoribus
541 691 709 763 historicis
729 693 886 765 omnibus
903 698 1015 782 datur,
1030 709 1078 780 ut,
1092 699 1201 765 dum
1190 723 1229 768 ιιι

139 824 144 833 ’
185 819 302 879 rernm
318 817 451 858 summa
465 793 554 857 inter
566 816 602 858 se
615 793 836 877 consentiant,
859 819 965 886 parva
978 798 1014 864 in
1026 798 1127 867 rebus
1140 791 1228 867 levi-

185 894 250 965 bus
279 895 500 984 discrepantia
526 917 637 983 neque
667 894 812 963 levitatis
841 921 975 997 neque
978 893 1129 971 vanitatis
1155 929 1228 972 esse
1265 937 1269 945 ·

184 999 413 1066 existimetur.
455 998 572 1085 Neque
594 999 732 1085 ommno
757 980 817 1065 ulli
838 1004 895 1069 vel
912 1001 1059 1074 maxime
1081 1005 1224 1091 probato

185 1104 283 1168 aliter
298 1100 379 1166 fides
392 1088 505 1187 posset
518 1111 680 1169 constare.
724 1101 843 1188 Neque
859 1103 1090 1193 Thucydides,
1112 1130 1225 1209 neque

181 1203 402 1318 Xenophon,
421 1221 532 1288 neque
559 1186 760 1284 Sallustius,
772 1225 902 1317 neque
933 1204 1088 1287 Tacitus,
1110 1230 1223 1294 neque

183 1305 324 1385 caeteri,
344 1303 410 1391 qui
425 1301 580 1371 omnium
597 1290 874 1391 praestantissimi
892 1320 994 1393 atque
1006 1304 1075 1371 fide
1093 1308 1241 1396 dignis-‘
1323 1338 1336 1351 ²

183 1411 261 1477 simi
250 1408 458 1513 habentur,
479 1404 593 1471 nonin
607 1404 735 1492 parvis
733 1405 835 1473 rebus
848 1406 890 1473 ab
905 1408 977 1477 aliis
990 1406 1223 1479 dissentientes

180 1498 351 1579 interdum
368 1508 482 1597 avere
496 1504 750 1573 aberraverunt
795 1504 894 1598 Quae
910 1532 963 1574 res
976 1509 1005 1576 si
1020 1533 1139 1577 eorum
1157 1537 1223 1581 au
1311 1596 1314 1601 ξ

182 1613 370 1709 ctcpitati
342 1634 385 1677 ne
399 1607 579 1675 minimum
594 1607 732 1692 quidem
746 1608 894 1699 derogat,
916 1612 1093 1703 scriptores
1107 1637 1220 1682 sacros

143 1706 145 1713 ’
179 1717 282 1803 longe
294 1711 455 1780 severiori
445 1709 544 1794 lege
557 1708 703 1798 judicari,
719 1712 865 1778 omnino
872 1708 921 1778 es't
932 1715 1161 1803 periniquum

173 1886 177 1891 ,
262 1817 299 1882 P.
322 1816 391 1905 69
398 1812 461 1880 Hic
484 1823 599 1877 autem
613 1811 710 1877 nobis
732 1824 913 1878 occurrunt
931 1813 1092 1902 dicentes,
1117 1821 1218 1889 aliam
1310 1808 1313 1819 ¹

174 1919 315 1986 omnino
329 1890 496 1985 rationem
508 1936 578 1978 esse
592 1914 799 2005 scriptorum
814 1915 1016 2000 divinorum,
1034 1869 1132 1987 alisim
1147 1923 1219 1987 hu-

175 2040 368 2090 manorum.
397 2016 528 2081 Horum
547 2013 682 2098 quidem
696 2013 776 2081 fidei
793 2016 830 2081 in
844 2017 954 2105 paruis
970 2021 1070 2086 rebus
1085 2023 1218 2090 dissen-

173 2142 252 2188 sum
271 2119 349 2185 idco
370 2116 457 2181 nihil
480 2116 656 2198 derogare,
679 2117 772 2200 quod
792 2119 876 2180 tales
893 2118 1132 2211 discrepantias
1145 2126 1216 2191 hu-

176 2243 278 2291 mana
302 2217 475 2304 diligentia
496 2215 587 2281 nulla
608 2238 728 2281 cavere
750 2229 867 2321 queat.
898 2232 932 2285 at
951 2226 1033 2287 uero
1057 2223 1216 2294 divinum

175 2322 334 2440 spiritum
349 2320 390 2386 ab
407 2343 443 2384 se
459 2315 630 2397 dissentire
644 2343 714 2385 non
726 2322 835 2434 p'osse,
853 2312 1028 2411 propterea
1042 2326 1136 2411 quod
1155 2350 1216 2393 er-

174 2426 260 2499 ιοιιι
280 2407 322 2493 sil
345 2444 474 2511 expers.
518 2418 653 2541 Atqui'
643 2420 698 2484 isti
711 2421 758 2485 sic
770 2432 953 2491 statuentes
965 2424 1068 2509 illud,
1091 2427 1134 2491 de
1146 2453 1214 2518 quo

176 2527 374 2614 ambigitur,
396 2533 534 2592 sumunt
556 2546 637 2619 pro
639 2545 815 2607 concesso,
838 2524 983 2595 utnulla
1000 2549 1070 2593 non
1084 2531 1215 2618 parssrt

171 2631 340 2699 librorum
355 2649 545 2703 sacrorum
545 2625 588 2690 ad
601 2624 755 2693 divinum
764 2625 920 2715 spiritum
929 2622 1119 2733 referenda.
1142 2635 1215 2703 Nos

143 2750 149 2771 ·
172 2744 288 2798 autem
315 2752 418 2816 supra
445 2712 611 2810 diximus,
632 2729 756 2795 rationi
777 2731 925 2796 maxime
947 2720 1213 2804 consentaneum

172 2832 300 2911 videri,
321 2832 450 2898 nullam
471 2829 635 2896 librorum
649 2852 821 2915 sacrorum
837 2843 970 2917 partem
986 2834 1090 2899 divini
1107 2839 1213 2924 spiri-

170 2946 225 3003 tus
246 2932 372 2999 adflatu
387 2931 548 3018 scriptam
564 2930 757 2997 existimare
771 2941 907 3021 praeter
924 2932 1095 3021 religionis
1109 2960 1214 3024 prae-

171 3033 430 3128 ceptionemad
453 3032 594 3097 salutem
617 3031 854 3115 necessariam,
892 3044 925 3098 et
947 3035 1106 3122 quidquid
1131 3063 1213 3107 cum
1314 3091 1320 3139 t

170 3141 237 3210 hac
257 3152 307 3204 est
326 3134 509 3203 necessario
534 3134 760 3217 conjunctum.
804 3133 931 3203 Verum
952 3137 995 3202 sit
1012 3137 1087 3219 ita,
1099 3153 1137 3204 ut
1157 3138 1227 3207 isti'

121 3251 124 3255 ’
169 3243 303 3310 volunt.
328 3226 331 3233 ¹
348 3240 458 3305 Omne
474 3235 642 3302 librorum
654 3256 827 3301 sacrorum
842 3230 1079 3323 argumentum
1094 3242 1211 3307 divino

173 3341 306 3429 spiritui
328 3339 554 3422 vindicemus,
582 3338 744 3424 nullaque
762 3336 800 3402 in
823 3338 864 3403 iis
888 3362 969 3406 vera
989 3343 1211 3431 repugnantia

174 3442 454 3529 deprehendatur·
498 3439 543 3509 At
555 3437 621 3513 illi,
643 3437 710 3525 qui,
731 3439 783 3504 his
797 3438 942 3520 sublatis,
964 3447 1213 3531 iruvccopurrt'ce

167 3543 385 3631 relinquunt,
406 3542 555 3623 videant,
578 3565 622 3606 ne
639 3564 711 3606 rem
736 3566 857 3631 parum
872 3542 1026 3631 dignam,
1049 3556 1110 3608 aut
1125 3568 1211 3610 con-

170 3658 369 3715 sentaneam
390 3643 505 3714 divino
526 3642 659 3732 spiritui
683 3644 854 3711 inducant.
899 3646 998 3712 Unde
1018 3644 1109 3710 enim
1131 3646 1211 3715 illae

170 3760 373 3829 nascuntur,
407 3749 472 3814 nisi
495 3773 515 3814 a
536 3756 658 3835 genere
684 3728 841 3814 oratiohis
865 3738 1047 3815 admodum
1074 3749 1208 3828 vitioso,

169 3849 261 3939 quod
287 3851 432 3938 optimus
446 3851 584 3950 quisque
598 3847 741 3937 scriptor
753 3850 817 3914 sibi
832 3850 1010 3940 diligenter
1022 3852 1210 3919 cavendum

168 3952 365 4020 existimat?
386 3952 471 4018 Nam
488 3951 545 4039 qui
562 3951 670 4034 clare,
691 3964 787 4038 apte,
809 3964 840 4017 et
855 3952 1008 4021 distincte
1022 3953 1155 4036 scribit,
1178 3954 1210 4018 is

167 4055 268 4126 facilc
291 4053 504 4141 intelligitur,
526 4075 636 4143 neque
660 4074 801 4143 usquam
818 4077 858 4123 ea
873 4054 977 4144 dicet,
1001 4055 1122 4153 quibus
1136 4054 1209 4130 dis-¹
