2708 4636
489 366 811 435 *29η-

127 525 212 605 patu
242 526 276 581 et
304 513 347 580 etl
376 515 592 581 occultandos
621 517 808 582 tuendosve
823 510 876 583 'se
902 540 1023 608 parum
1055 531 1171 606 aptum

128 621 313 704 seligerent.
357 619 451 686 Vidit
470 618 532 681 boc
554 615 765 682 doctissimus
784 631 883 706 atque
905 624 1171 710 elegantissimus

128 720 259 805 Virgilii
279 723 444 810 interpres
474 721 645 808 Heynius‚
677 721 951 808 nimisque‘hseo,
977 739 1171 814 portentosa

128 846 199 890 esse
215 823 358 903 fatetur,
382 824 528 910 aliquam
543 835 656 886 tamen
670 823 749 886 inde
764 835 879 910 petens
892 838 1171 912 poetaetexcusa-

126 926 269 999 tionem,
292 926 380 1010 quod
408 938 542 1014 turpem
555 927 622 1012 ipse
640 924 856 991 formidinem
882 929 1028 994 dixisset.
1084 932 1172 1016 Mihi

37 1020 43 1028 ¹
125 1052 212 1095 vero
226 1052 269 1095 ne
286 1030 332 1095 sie
345 1028 483 1115 quidem
496 1029 719 1093 absolvendus
745 1027 902 1112 Virgilius
918 1029 1063 1118 videtur,
1080 1055 1170 1119 quo.

125 1132 240 1215 niam,
264 1146 302 1197 ut
326 1133 427 1196 modo
453 1131 658 1209 dicebamus,
682 1130 764 1197 haec
785 1153 856 1196 non
871 1143 921 1197 est
934 1136 1084 1201 amentia
1103 1140 1171 1224 illa,

128 1224 266 1324 quaein
284 1233 462 1300 formidine
477 1234 585 1299 lorum
606 1235 717 1300 babet.

211 1339 325 1423 Neque
337 1337 477 1402 modum
489 1339 594 1402 tenuit
602 1336 746 1402 Ovidius
759 1336 794 1401 in
807 1337 1024 1405 describenda
1037 1341 1175 1429 patiens-

128 1440 193 1524 tia‚
216 1463 281 1526 qua
305 1441 466 1511 Hercules
490 1440 530 1504 ad
548 1440 638 1503 Deos
652 1439 822 1504 ‘excedens
835 1461 983 1528 rogoque
997 1445 1176 1532 impositus
1276 1528 1279 1533 Ι

127 1541 344 1609 flammarum
375 1545 505 1608 dolores
534 1541 734 1630 pertulisset.
751 1547 783 1623 *)
839 1543 1040 1611 Patientiam
1076 1545 1175 1616 dico?

127 1645 178 1712 Ita
196 1646 331 1731 quidem
345 1646 498 1711 decebat.
542 1643 587 1711 At
603 1644 687 1708 haec
700 1645 814 1731 potius
833 1658 884 1711 est
900 1647 1059 1715 hilaritas.
1087 1650 1176 1721 Nam

56 1750 59 1755 '
132 1746 213 1834 quid
237 1748 340 1815 dicit?

172 1869 368 1952 congeriem
383 1867 481 1928 silvae
498 1865 661 1928 Nemeaeo
675 1869 793 1928 vellere
809 1889 962 1932 summam

175 1955 311 2031 Sternis,
335 1965 368 2011 et
382 1952 533 2030 imposita
552 1952 659 2015 clerae
677 1952 801 2014 cervice
817 1955 988 2034 recumbis,

174 2033 273 2095 Haud
287 2036 351 2092 alio
364 2038 456 2093 vultu
474 2055 566 2113 quam
582 2037 609 2094 si
626 2038 763 2123 conviva
779 2042 899 2118 jaceres

176 2118 268 2178 Inter
287 2120 382 2198 plena
396 2115 475 2172 meri
493 2114 660 2176 redimitus
675 2125 791 2198 pocula
806 2123 909 2185 sertis.

130 2235 242 2304 Hicne
273 2233 362 2298 idem
388 2232 444 2296 ille
465 2241 512 2295 est
544 2230 718 2313 Hercules,
750 2238 805 2319 qui
826 2241 938 2322 paullo
958 2249 1036 2308 ante
1063 2247 1181 2317 tunica

130 2338 230 2408 Nessi
246 2335 407 2402 Centauri
419 2333 579 2416 sangnine
592 2332 716 2399 infecta
731 2339 941 2406 excruciatus
954 2355 987 2407 et
1002 2344 1035 2409 iu
1050 2346 1179 2431 rabiem

127 2455 243 2517 actus,
266 2438 429 2524 gemitum
446 2451 546 2521 atque
557 2438 833 2505 lamentationem
849 2455 961 2508 tenere
975 2469 1048 2521 non,
1058 2453 1182 2539 potuit,

174 2543 395 2627 Implevitqire
414 2542 479 2603 suis
496 2560 699 2602 nemorosum
713 2543 849 2631 vecibus
866 2547 1003 2614 Oeten?

41 2672 45 2680 ·
123 2647 236 2719 Nimis
259 2645 393 2730 quidem
417 2645 472 2708 bic
495 2642 721 2728 impatienter.
764 2645 923 2733 Alterum
949 2665 1064 2721 autem
1080 2655 1178 2728 illum

127 2774 192 2820 nec
216 2748 341 2815 fortem
363 2747 487 2824 dicam,
510 2767 571 2810 nec
589 2747 794 2831 sapientem,
807 2736 873 2817 'sed
895 2751 1051 2822 insanum
1076 2756 1194 2848 atque*

129 2857 330 2923 dementem.
375 2849 555 2933 Numquae
578 2848 631 2912 hic
654 2862 702 2912 est
724 2852 869 2918 laetandi
893 2860 1032 2922 caussa?
1067 2861 1182 2931 Forti-

129 2967 183 3023 ter
212 2954 298 3020 ferat
327 2951 479 3018 dolorem
503 2970 610 3032 neque
630 2950 743 3015 aniino
763 2948 959 3036 frangatur:
987 2959 1063 3026 hoo
1085 2986 1182 3035 sum.

127 3081 232 3137 mum·
252 3068 311 3120 est.
341 3053 510 3119 Oblectari
536 3075 618 3116 vero
640 3055 789 3119 cruciatu
816 3059 945 3126 nemini
975 3064 1181 3153 conceditur,

130 3161 196 3231 nisi
212 3160 271 3224 uni
288 3157 426 3245 Epicuri
438 3155 600 3244 Sapienti.
1160 3238 1166 3249 ·

218 3264 346 3332 Verum
364 3260 397 3322 in
416 3259 481 3323 hoc
499 3280 621 3344 genere
633 3282 749 3325 omnes
767 3257 864 3326 facile
878 3262 990 3330 tincat
1005 3268 1181 3339 Lucanus:

134 3371 193 3455 qui
214 3376 310 3432 tanta
332 3362 434 3428 babet
455 3359 610 3448 inprimis
634 3361 771 3429 bellicae
792 3363 997 3457 fortitudinis
1014 3389 1180 3460 monstra,
1262 3456 1267 3463 .

133 3483 174 3534 ut
192 3469 363 3536 interdum
387 3467 422 3531 in
440 3487 479 3551 re
503 3466 650 3530 maxime
676 3468 764 3534 seria
788 3467 895 3534 risum
920 3471 1075 3555 videatur
1095 3479 1183 3557 velle
1221 3462 1224 3476 ¹

137 3583 278 3658 captare.
323 3568 520 3648 Cuiusmodi
536 3584 668 3653 praeter
678 3571 751 3636 alia
767 3581 815 3633 est
837 3571 940 3651 illud,
964 3560 1056 3658 quotl
1076 3577 1181 3663 Libro

135 3673 236 3740 tertio
251 3675 293 3739 de
306 3671 490 3758 Tyrrheno
506 3671 626 3736 refert.
650 3671 763 3760 Quem
778 3670 884 3761 fingit,
896 3674 1042 3743 Balearis
1056 3678 1184 3757 fundae

132 3777 276 3870 plumbo
299 3775 445 3841 effractis
467 3774 529 3839 sibi
553 3768 764 3862 temporibus
774 3775 946 3858 oculisque
963 3785 1116 3865 excussis,
1138 3786 1181 3859 ab

127 3880 232 3948 wciis
250 3892 343 3946 recto
362 3901 506 3968 corpore
523 3879 684 3946 tormenti
697 3879 1052 3975 instarcompositum,
1073 3887 1182 3985 nihilo

142 4040 350 4061 Μ

169 4089 409 4198 ansanus.
423 4097 518 4187 ΠΛ,
531 4140 591 4200 235,
605 4147 667 4206 Ἢ,
691 4158 708 4167 ψ,
