2708 4636
531 261 629 337 -Ᾰ
662 281 725 352 184
766 315 865 375 ''¹''.

111 495 113 503 ·
176 478 236 524 ma
247 437 341 524 velut
356 454 508 545 partium
527 453 733 524 hameuta
746 457 923 537 ducemus,
943 422 981 520 in
996 452 1120 540 quibus
1135 452 1226 542 ipsis

174 561 246 647 jam
260 571 378 647 poetae
402 559 578 645 ingenium
598 572 632 626 et
651 551 855 636 admirabilis
873 556 1039 644 quaedam
1056 555 1225 626 caudina

175 664 343 746 cernitur,
361 685 428 751 qua
440 663 528 729 hane
541 661 692 730 fabulam
703 662 888 730 contexuit.

250 783 323 848 Iam
334 783 489 871 primum
501 782 655 849 omnium
667 783 797 850 Aeneas
807 783 937 850 Didoni
950 781 1119 849 excidium
1127 782 1226 846 Tro·

174 889 229 966 iae
248 909 410 960 narrans.
455 907 525 950 non
555 876 827 974 praetermittere
854 896 989 974 poterat
1009 884 1225 950 mentionem

47 1014 66 1080 ἰ
129 996 131 1000 ’
176 987 254 1071 equi
270 987 460 1072 Trojaniin
478 986 601 1052 urbem
614 989 751 1078 recepti.
797 988 927 1078 Quain
940 1011 978 1053 re
994 985 1225 1074 maguadiffi·

54 1150 61 1159 .
175 1089 281 1153 cultas
295 1089 515 1176 objiciebatur
525 1103 660 1178 poetae.
680 1092 750 1160 Nisi
763 1093 854 1158 enim
868 1093 982 1176 vellet,
1006 1087 1227 1186 insignem—iu

175 1188 242 1257 boc
248 1192 383 1279 negotio
399 1205 434 1259 et
445 1217 543 1260 suam
557 1206 591 1259 et
597 1194 814 1283 popularium
824 1217 903 1260 cum
911 1192 1137 1259 temeritatem
1145 1201 1225 1257 tum

87 1325 89 1328 ⁴
139 1337 144 1354 .
174 1293 349 1360 stultitiam
364 1299 485 1381 videri,
507 1295 631 1386 aliquid
645 1297 785 1362 omnino
799 1295 1041 1361 inveniendum
1054 1307 1136 1377 erat,
1154 1317 1225 1380 quo

173 1393 443 1473 hominesssetiam
454 1400 640 1486 prudentes
657 1398 768 1488 decipi
780 1420 850 1465 non
866 1399 1015 1486 potuisse
1029 1397 1142 1478 modo,
1165 1395 1228 1462 sed

173 1499 232 1562 vel
247 1487 401 1567 debuisse
423 1503 508 1568 satis'
522 1500 696 1593 probabile
711 1500 812 1566 foret.
855 1503 942 1568 Usus
963 1514 1014 1567 est
1029 1503 1093 1567 hoc
1106 1500 1227 1570 eonsi-

72 1636 91 1696 ‚'
173 1597 220 1666 lio
235 1599 369 1668 Sinonis
391 1605 659 1685 machinatione,
688 1605 782 1672 cuius
797 1603 1021 1670 ministerium
1039 1626 1109 1668 non
1123 1603 1228 1667 inve-

173 1702 228 1770 nit
247 1707 384 1791 quidem
399 1710 578 1794 Virgilius,
599 1709 658 1775 sed
677 1709 724 1776 ita
748 1705 964 1791 informavit,
985 1719 1025 1772 ut
1038 1705 1226 1799 perfectius

173 1819 235 1874 aut
248 1810 431 1898 sapientius
446 1813 531 1880 nihil
541 1811 678 1903 cogitari
694 1823 807 1897 queat.

170 1939 172 1942 ’
263 1929 353 1998 Illud
377 1931 515 2018 quidem
530 1926 608 2000 ante
623 1933 812 2019 omniaper
826 1932 1003 1998 scolarum
1017 1942 1082 2009 est,
1104 1926 1222 1994 holui-

114 2118 117 2127 ἱ
173 2053 274 2116 nem,
296 2037 357 2120 qui
378 2036 421 2102 ad
442 2039 511 2104 tale
533 2036 709 2104 consilium
729 2037 894 2114 Troianos
916 2032 1139 2122 probabiliter
1155 2029 1225 2094 im·

174 2135 327 2223 pelleret,
349 2161 410 2206 nec
425 2152 544 2229 sponte
556 2142 632 2208 illos
649 2139 752 2222 adire,
764 2161 828 2204 nec
842 2121 955 2203 statim
972 2136 1017 2213 id,
1038 2133 1127 2220 quod
1142 2152 1227 2218 age-

126 2290 131 2311 ,
173 2234 248 2318 bat',
269 2244 425 2331 persequi
445 2243 610 2312 debuisse.
652 2244 740 2312 Nam
761 2241 817 2306 vel
837 2238 1085 2305 versutissimus
1108 2246 1225 2301 caete-

172 2360 252 2407 rum
269 2356 451 2425 veterator,
460 2347 541 2411 talia
552 2342 740 2437 primordia
753 2342 899 2430 capiens,
914 2340 1039 2406 fraudis
1054 2337 1226 2425 suspicio-

171 2446 254 2509 nem
271 2446 314 2509 ab
333 2469 368 2510 se
381 2469 559 2514 removere
580 2456 652 2513 non
674 2445 846 2533 potuisset.
891 2444 962 2509 Hoc
986 2443 1072 2507 bene
1094 2440 1227 2504 intelli-

158 2552 254 2631 'gens
275 2548 454 2635 Virgilius,
477 2550 512 2616 id
535 2550 628 2645 quod
649 2548 698 2614 rei
724 2558 825 2635 caput
846 2558 910 2627 est,
932 2546 970 2611 in
983 2546 1085 2610 finem
1111 2543 1227 2626 rejicit

172 2645 431 2738 sapientissime.
479 2640 588 2715 Nulla
616 2673 758 2737 usquam
784 2651 823 2716 fit
850 2649 976 2715 mentio
1004 2649 1046 2713 de
1073 2648 1225 2730 Trojano

68 2800 110 2823 ,,
172 2769 260 2834 equo
282 2750 457 2834 aSinone,
478 2751 629 2838 plurima
650 2753 692 2818 dc
717 2752 859 2840 seipso.
904 2750 1225 2850 Quodmhomine

169 2846 322 2934 infelice,
344 2855 440 2943 cujus
457 2855 603 2942 speciem
624 2854 918 2947 praeseferebat,
940 2854 1089 2919 maxime
1110 2852 1224 2917 videri

170 2949 273 3026 debet
308 2958 474 3024 naturale.
539 2960 627 3027 Nam
669 2960 832 3051 propriae
871 2958 1067 3024 calamitatis
1102 2979 1223 3022 sensus

171 3077 310 3124 omnem
333 3060 522 3130 alienarum
543 3086 662 3131 rerum
691 3065 747 3130 vel
771 3061 923 3130 maxime
944 3059 1223 3128 memorabilium
1258 3105 1261 3109 -

171 3156 228 3222 vel
242 3178 362 3233 curam
377 3165 434 3230 vel
448 3164 685 3254 cogitationem
701 3165 803 3232 delet.

255 3283 441 3357 Primum
430 3292 533 3379 igitur
553 3293 635 3360 Sino
657 3292 856 3383 pastoribus
864 3292 1019 3382 Phrygiis
1031 3294 1128 3358 velut
1141 3315 1222 3359 casu

171 3376 320 3471 objectus
344 3392 388 3458 ad
413 3417 530 3482 regem
555 3396 680 3461 invitus
704 3395 794 3460 trahi
814 3395 960 3462 videtur.
1024 3396 1221 3485 Repentino
1276 3394 1278 3403 ’

169 3497 332 3576 tanquam
345 3506 440 3561 metu
455 3497 598 3601 objecto,
614 3499 710 3585 quasi
723 3511 853 3572 certum
865 3500 1040 3565 interitum
1055 3523 1097 3587 pi
1099 3520 1223 3565 assen-

47 3688 51 3698 ,
123 3610 126 3617 ’
167 3590 268 3675 tiret,
311 3596 354 3662 ad
382 3568 531 3673 hostiani
556 3602 753 3690 adspectum
776 3603 935 3687 attonitus
956 3616 1072 3669 mente
1092 3614 1221 3692 stupet,
1258 3614 1267 3622 “

145 3738 149 3755 .
168 3694 260 3780 quod
273 3718 294 3760 a
310 3698 451 3786 Virgilio
465 3701 618 3790 pingitur
632 3705 755 3792 magis,
777 3728 881 3792 quam
896 3684 1039 3772 diciturs

213 3855 257 3871 -
278 3839 315 3886 ut
330 3845 508 3923 conspectu
522 3830 558 3891 in
572 3831 679 3895 medio
694 3833 894 3910 turbatus,
883 3834 1026 3932 inermis,

211 3907 390 3988 Constitit,
416 3929 513 3999 atque
528 3919 632 3980 oculis
646 3918 790 4006 Phrygia
810 3918 936 4006 agmina
954 3919 1201 4004 circumspexit.

81 4063 84 4068 -
166 4026 246 4090 Post
259 4046 345 4113 quae
363 4029 490 4100 datur
457 4056 544 4125 ipsi
535 4035 674 4106 brevis
689 4039 815 4123 oratio,
833 4051 969 4128 praeter
982 4038 1137 4106 niis'eriae
1151 4040 1217 4103 de-
