2708 4636
504 308 825 377 es·-

44 485 46 489 ’
145 462 297 546 nondum
324 471 476 528 maturae
505 456 649 540 vitium,
685 448 819 521 firmato
843 466 962 545 postea
989 453 1167 543 judicio
1140 483 1192 529 ιιο
1225 461 1229 470 “

146 565 407 756 abibliiiltiiresar
406 645 536 731 scliiitzt
553 665 607 726 das
626 657 744 736 Gltick,
760 658 828 721 und
838 660 920 723 Cato
935 661 987 724 die
1003 612 1194 752 Besiegten.⁸

146 746 321 858 Superiori
351 780 466 834 autem
495 767 554 834 illa
588 763 754 830 sententia
788 761 925 847 cogitari
942 756 1075 833 falsius
1103 768 1192 837 nihil

146 885 275 966 potest3
304 870 467 959 quoniam
494 867 588 962 nefas
621 865 710 932 tueri
730 884 880 955 prorsus
895 880 1051 935 enatura
1074 870 1192 941 divina

145 977 317 1062 abhorret.
362 973 465 1062 Quod
484 973 513 1042 si
535 994 619 1037 vero
642 968 715 1055 quis
736 976 875 1055 poetam
885 967 933 1033 ita
946 952 1080 1039 delendi
1093 995 1192 1063 posse

146 1078 334 1161 existimet,
349 1086 395 1147 ,ιιι
410 1076 524 1152 Deum
532 1074 685 1163 ,pejorem
700 1069 850 1137 Caesaris
865 1095 1019 1138 caussam
1028 1073 1076 1140 ita
1089 1076 1191 1164 plane

44 1172 50 1177 ¹
147 1180 276 1246 tuitum
310 1177 453 1258 dixerit,
498 1172 784 1264 quemadmodum
814 1176 905 1241 mala
943 1176 1052 1241 multa
1090 1166 1193 1263 atque
1246 1243 1257 1261 ‹.

146 1285 272 1351 scelera
295 1280 368 1348 fieri
390 1278 635 1370 sapientissimo
663 1276 792 1367 patitur
812 1276 967 1354 oonsilio,
997 1300 1197 1365 quanquam

145 1398 279 1469 nonest
299 1384 498 1462 obscurum,
521 1379 658 1468 quidde
672 1400 774 1447 versu
790 1378 1006 1469 sentiendum
1022 1379 1074 1463 sit,
1091 1401 1195 1466 quem
1234 1469 1236 1473 7
1310 1453 1314 1461 Ι

112 1516 116 1521 ’
143 1500 247 1579 'poeta
267 1487 338 1575 ipse
359 1486 488 1553 censuit
508 1481 730 1550 mutandum:
760 1479 817 1546 sed
840 1480 868 1544 si
890 1483 963 1569 quis
982 1482 1029 1548 ita
1044 1481 1194 1566 accipiat,

106 1594 111 1601 ’
150 1602 279 1662 tumet
304 1611 418 1655 sensus
440 1585 628 1672 frangitur,
666 1593 698 1648 et
720 1580 770 1647 vis
795 1581 1012 1673 oppositionis
1040 1584 1198 1671 diluitur,-

150 1693 301 1777 udeoque
315 1715 383 1757 nec
392 1691 510 1756 lumen
525 1687 598 1754 erit.

151 1810 154 1823 ⁴
223 1794 323 1861 -Ιιιιιιι
352 1805 466 1861 autem
489 1788 608 1880 quaeri
628 1784 750 1879 possit,
781 1764 945 1877 quantuni
963 1791 1059 1880 vulgi
1080 1790 1193 1883 opinio

149 1872 381 1962 communisve
413 1900 606 1984 ten'rpmum
649 1892 894 1981 hominumque
930 1897 1047 1982 religio
1076 1907 1195 1987 poetae

39 2071 43 2078 .
150 1997 188 2062 in
205 1997 256 2061 his
271 1998 372 2061 rebus
387 2000 544 2065 concedat
556 1994 735 2088 heentrtm,
757 1996 844 2061 srtne
857 1996 913 2062 illa
929 1999 1074 2064 nullis
1046 2022 1094 2064 cu
1096 2021 1195 2063 cum
1215 2076 1220 2088 .

85 2087 94 2103 ’
151 2100 276 2186 scripta
296 2097 420 2163 finibus
443 2123 487 2163 an
509 2096 607 2164 certis
629 2097 749 2182 regulis
765 2097 978 2189 terminanda
992 2098 1195 2187 coercenda-

60 2267 64 2274 ι
150 2223 218 2291 que
241 2199 405 2265 videatur.
448 2199 561 2284 Atque
585 2219 645 2280 ego
668 2196 817 2282 quidem,
839 2182 1196 2289 quidquidafiderion

150 2327 289 2395 prorsus
305 2300 484 2367 abhorreat
498 2313 558 2365 aut
568 2298 689 2364 tale't
647 2308 689 2377 stt
690 2309 748 2378 ,ut
762 2299 901 2384 cogitari
914 2303 1014 2386 plane
1028 2323 1098 2364 nou
1114 2323 1197 2388 pos-

147 2405 210 2487 sit,
232 2404 378 2469 liberum
402 2380 508 2468 cuiuis
527 2401 676 2491 fingendi
700 2401 875 2466 dicendive
896 2413 980 2489 puto
997 2400 1197 2478 arbitriumz

148 2519 267 2574 contra
291 2529 372 2571 vero
388 2527 474 2590 quae
499 2506 561 2570 etsi
588 2503 764 2583 ¹verissima
793 2503 997 2622 divinaeque
1024 2504 1195 2591 religionis

149 2605 322 2698 mysteriis
346 2620 555 2692 consecrata,
589 2627 687 2672 mens
709 2617 825 2672 tamen
846 2608 976 2696 assequi
999 2607 1197 2694 cogitatione
1283 2678 1284 2685 χ

149 2735 222 2788 ιιοιι
247 2721 373 2800 potest,
409 2709 490 2775 ab''
468 2733 507 2774 us
523 2708 640 2798 utique
655 2709 894 2780 abstinendum
921 2723 1040 2799 poetae
1064 2735 1195 2811 censeo

148 2815 268 2900 Itaque
288 2781 450 2899 quidquid
478 2824 610 2878 veteres
627 2811 694 2876 suis
721 2810 937 2896 religionibus
957 2811 1195 2880 conuenienter

112 2958 117 2966 -
149 2915 339 2997 finxerunt,
362 2912 515 3000 quamvis
540 2926 572 2978 et
587 2913 730 2979 falsam
756 2936 792 2978 se
814 2923 847 2977 et
868 2913 1013 2982 absurda
1040 2941 1196 3005 essenon

119 3004 122 3009 r
150 3019 317 3106 ignorem,
337 3016 378 3081 iis
394 3028 506 3081 tamen
519 3014 673 3080 offendor
687 3014 839 3098 minime,
862 3018 1022 3083 modone
1036 3001 1196 3086 aberrent

151 3123 211 3188 vel
229 3145 250 3186 a
278 3117 410 3207 vulgari
438 3117 618 3182 hominum
645 3117 772 3202 judicio
799 3118 935 3184 veleb
951 3143 1114 3189 sensuum
1136 3134 1197 3188 aut

152 3221 349 3314 phantasiae
381 3217 631 3325 probabilitate.
694 3221 813 3308 Neque·
852 3220 944 3286 enim
972 3225 1196 3313 philosopha·
1269 3274 1274 3285 ,

152 3350 243 3407 mur,
260 3325 342 3390 dum
356 3333 470 3411 poetas
485 3304 639 3406 legimus,
660 3345 857 3415 verumque
853 3324 947 3390 illud
962 3327 1080 3412 quod
1070 3350 1107 3391 ιιι
1120 3340 1197 3392 car

153 3426 301 3494 minibus
321 3422 522 3535 requiritur,
544 3446 615 3490 non
636 3424 768 3495 ratione
790 3426 951 3493 metimur
973 3428 1079 3514 magis
1095 3449 1196 3514 quam
1266 3488 1269 3495 .

152 3550 263 3594 sensu.
305 3515 498 3594 Plurimum
524 3526 792 3615 trerofoffendor
821 3539 1000 3614 poetarum
1030 3532 1197 3614 quorum-2

155 3631 234 3696 dam
248 3629 521 3696 Christianorum
532 3627 679 3709 licentia,
701 3626 760 3712 qui
781 3651 824 3693 ex
838 3629 999 3714 religione
1011 3654 1080 3713 sna,
1103 3636 1197 3720 cujus
1274 3657 1291 3696 ,·

47 3813 53 3820 ἱ
155 3727 282 3823 partini
303 3731 415 3797 divina
435 3726 646 3820 simplicitas,
674 3729 802 3816 partim
821 3743 963 3819 augusta
986 3737 1196 3807 venerandae

158 3833 371 3901 obscuritatis
384 3833 509 3924 species
522 3843 720 3899 ornamenta
732 3831 864 3920 poetica
878 3831 967 3925 ferre
980 3848 1122 3917 recusat,
1137 3836 1203 3901 in-‘
1266 3898 1269 3917 ,
1282 3894 1293 3922 .-

154 3936 292 4004 terdum
304 3938 583 4026 eatdepro'munt,
606 3958 693 4022 quae
706 3934 807 4026 tacita
821 3934 889 4001 fitle
911 3937 1076 4005 credenda
1090 3922 1196 4026 suspi·
1327 4016 1329 4024 Ι

157 4040 354 4129 ciendaque,
376 4039 582 4123 ceommuni
596 4032 774 4111 hominum
786 4040 912 4126 judicio
927 4040 1196 4131 ethintelligentia
1234 4060 1240 4068 ·
