2708 4636
464 300 770 381 ...s-‚4

92 489 233 562 suoque.
247 458 475 564 praestantiae
487 472 627 561 rapiunt
643 470 911 539 admirationem.
953 473 983 542 E
999 496 1065 562 quo
1080 497 1145 562 ge-

72 592 173 645 'nerc
187 588 270 643 sunt
284 576 437 666 egregiae
446 599 562 643 rerum
578 572 751 662 imagines,
773 575 1018 643 sententiarum
1031 580 1142 647 subli-
1182 631 1184 637 .
1222 566 1232 639 ,¹

40 752 43 762 ,
91 682 192 750 mites
213 692 462 760 1111111111,
492 690 664 768 postremo
684 678 845 765 quidquid
870 679 917 745 ita
940 682 995 746 vel
1019 680 1143 751 dicitur
1185 715 1190 732 ¹

90 783 148 859 'rel
163 781 314 869 fingitur,
336 791 375 845 ut
400 781 525 873 ingenii
539 782 681 851 hnmani
698 783 839 849 modum
854 805 962 870 prope
978 785 1143 851 excedere

31 916 35 932 ι
61 927 66 936 ·
89 885 258 952 videatur.
304 883 462 975 Quarum
492 909 606 953 rerum
634 885 786 953 omniurn
815 884 861 951 ita
885 877 1023 951 demum
1050 888 1147 973 justa.

90 987 157 1056 erit
179 987 388 1079 admirans„-
397 989 450 1054 uti
474 991 652 1075 diligenter
668 998 828 1057 excussae
840 1002 941 1075 atque
954 988 990 1052 in
1002 1011 1142 1055 omnem

40 1072 43 1086 ⁴
88 1100 224 1181 partem
238 1108 356 1156 versae
372 1093 527 1159 eumdem
539 1115 642 1178 quam
654 1093 808 1182 primum
822 1093 1026 1175 obtulerunt,
1048 1090 1144 1171 veri-

71 1182 165 1259 =tutis
179 1193 513 1280 pulchritudinisque
527 1195 674 1282 speciem
697 1197 901 1287 ¹retinebunt.

65 1304 67 1308 ’
109 1364 112 1371 ,
174 1294 286 1381 Atque
308 1295 374 1362 hoc
395 1297 529 1383 quidem
555 1320 699 1365 examen
718 1299 950 1386 judiciumque
969 1297 1142 1386 quomodo

5 1462 6 1471 ,
73 1393 420 1493 111111111101111111,
440 1401 510 1487 jam
532 1399 695 1468 dicemus.
733 1403 960 1491 thuoniam
985 1401 1080 1466 omni·
1102 1399 1140 1466 in

88 1522 129 1568 re
157 1524 253 1567 error
278 1500 441 1568 vitiorum
471 1504 644 1571 notatione
666 1512 769 1594 quam
794 1506 961 1573 virtutum
986 1525 1148 1569 comme-x

89 1603 281 1672 moratione
296 1602 406 1672 mhlto
423 1604 554 1675 facilius
570 1620 719 1692 cavetur,
742 1609 779 1675 in
793 1608 897 1675 hacce
912 1609 1006 1673 omni
1021 1606 1141 1696 dispu-

56 1757 65 1768 .
88 1705 219 1775 tatione
233 1730 296 1775 nos
309 1708 476 1776 rationem
492 1710 683 1796 tenebimus
698 1713 801 1792 illam,
817 1726 857 1778 ut
869 1708 1036 1799 inprimis,
1051 1730 1147 1792 quae·

90 1819 126 1879 et
142 1810 303 1893 qnotsint
315 1833 439 1900 genera
451 1813 615 1882 falsorum
632 1817 841 1903 eloquentiae
856 1814 1039 1893 luminum,
1061 1814 1143 1878 lan-

91 1909 176 1978 datis
205 1912 373 1983 clarorum
397 1929 579 2006 poetarum
609 1920 772 2006 exemplis
799 1917 1031 1993 ostendamus,
1063 1927 1149 1985 tum-
1236 1957 1238 1960 ·

88 2011 154 2091 his,
170 2028 338 2101 quantum
350 2041 439 2106 opus
450 2020 628 2103 videbitur,
641 2022 763 2088 iisdem
776 2021 813 2087 in
828 2018 953 2086 caussis
973 2020 1039 2084 alia
1052 2019 1146 2085 alio-.

88 2139 171 2187 rum
202 2122 408 2210 scriptorum
434 2123 507 2188 loca
534 2123 720 2209 probabilia
741 2142 972 2213 opponamus
993 2122 1139 2188 undeet

89 2209 228 2306 singulis
262 2223 350 2290 vitiis
380 2224 569 2292 contrariae
597 2225 740 2294 virtutes
764 2246 955 2312 eorumque
976 2223 1065 2290 inter
1098 2218 1164 2292 aa*
1242 2244 1255 2259 ·’

88 2323 272 2393 discrimen
281 2325 384 2394 'facile
399 2325 613 2415 intelligetur.
695 2382 701 2397 ,
853 2412 854 2417 ¹
1161 2402 1167 2415 ⁸

127 2442 144 2464 ’·
172 2428 322 2517 Triplici.
339 2439 454 2501 sutem
473 2429 577 2496 modo
597 2429 634 2507 in
653 2431 722 2496 hoc
742 2422 876 2515 negotio
890 2428 1147 2516 'peccarisoletp

4 2586 7 2601 .
89 2531 147 2598 vel
167 2531 313 2599 materia
334 2531 389 2595 vel
410 2529 523 2596 forma
542 2533 600 2598 vel
619 2534 706 2598 loco.
755 2532 937 2598 Materiam
966 2531 1040 2594 dico
1064 2554 1140 2598 rem

86 2635 198 2724 ipsam
212 2654 399 2719 eorumque
412 2654 498 2718 qnae
512 2632 673 2701 dicuntur
686 2645 953 2720 natursmatqne
968 2633 1141 2701 rationem

87 2733 276 2815 internam,
299 2758 386 2823 qnae
406 2732 473 2817 ubi
486 2735 750 2822 reprehensione
771 2747 976 2817 1101111111,
1005 2748 1078 2800 tum
1101 2737 1142 2817 in

14 2913 26 2923 ,
86 2837 274 2908 luminibus
292 2837 410 2905 existit
429 2836 534 2920 illud,
564 2839 814 2927 propterquod
836 2837 973 2928 probari
995 2840 1148 2906 minime
1244 2846 1247 2855 '

1 2976 4 2989 ·
85 2951 238 3032 possunt.
274 2929 711 3030 Ι(111111811111111111101
736 2946 815 3008 sun't
854 2960 1012 3032 caussae.⁴
1032 2943 1143 3009 .Nam
1170 2971 1172 2979 s

86 3043 234 3133 quassis
250 3043 501 3131 improbantur,
512 3046 579 3111 .vel
594 3042 739 3110 falsitate
754 3045 949 3134 displicent.
964 3045 1021 3108 vel
1036 3044 1142 3128 quod,
1201 3112 1205 3123 s

86 3146 220 3219 etiamsi
244 3144 426 3234 praecipua
445 3143 498 3208 sui
519 3158 616 3233 parte
636 3169 730 3229 vera,
750 3149 892 3214 modum
908 3159 1141 3213 1111111111-
1178 3152 1181 3156 ’

85 3250 183 3332 dunt,
202 3249 261 3314 uel
275 3249 355 3336 quia
370 3271 390 3312 a
405 3247 507 3313 rebus
522 3247 661 3314 minutis
670 3249 863 3336 justamque
877 3247 1140 3339 admirationem

3 3377 10 3407 1
82 3355 215 3422 nullam
238 3349 441 3419 habentibus
463 3361 547 3417 sunt
566 3352 725 3443 repetita,
746 3351 923 3439 inquibus
939 3351 1049 3416 omnis
1069 3373 1139 3438 quo

84 3454 296 3525 ambitiosior
317 3449 487 3541 diligentia
516 3475 555 3519 eo
578 3452 728 3542 ineptior
757 3463 816 3518 est.
862 3453 996 3542 Quarta
1025 3476 1153 3541 caussa*

85 3542 175 3630 inest
193 3560 231 3624 in
250 3554 463 3646 imprudenti
480 3576 599 3629 111111
613 3555 747 3636 dilectu,
768 3555 828 3636 ubi
842 3555 880 3620 in
896 3556 1057 3621 ornandis
1072 3556 1139 3623 illis

1 3724 6 3750 ,
29 3696 31 3701 v
83 3664 180 3734 labor
194 3660 320 3727 frustra
343 3642 575 3742 consuluitur,
606 3682 691 3746 quae
707 3658 764 3725 vel
780 3680 882 3751 0111111
897 3670 1145 3724 0111111111111

82 3766 275 3850 refugiunt,
297 3764 353 3828 vel
376 3761 597 3849 quantumvis
623 3776 743 3829 ornata
762 3784 832 3827 non
845 3758 938 3827 illam
953 3761 992 3825 in
1005 3761 1147 3828 animos:
1207 3762 1229 3849 J

24 3886 30 3897 ‘
82 3870 155 3945 vim
176 3867 432 3952 habenturque
457 3865 749 3954 haberepossunt,
771 3884 877 3948 qnam
887 3872 1009 3950 poetae
1018 3861 1156 3930 >consi-a

83 3973 170 4054 lium
190 3967 407 4054 sequebatur.
450 3965 557 4033 Porro
572 3990 718 4054 quornm
730 3965 844 4032 forma
858 3964 1138 4054 reprehenditur,
1176 4032 1179 4042 ,

84 4100 125 4145 ea
135 4071 264 4167 ,duplici
279 4069 409 4140 ratione
422 4068 633 4139 dividuntur.
662 4069 733 4143 Aut
743 4068 835 4135 enim
849 4067 996 4154 spectem
1008 4067 1141 4136 habent
