2708 4636
561 316 647 358 --“
694 302 885 375 146-

171 502 306 571 nens,
337 489 428 551 certe
451 475 539 544 nihil
558 473 653 551 atiud
676 473 777 563 fecit,
807 474 872 544 nisi
896 475 1134 567 quodpoetae
1135 480 1254 550 eximii

209 593 351 679 dignum
363 593 435 649 erat
447 580 584 678 judicio
694 651 698 660 ,

286 690 333 759 ld
357 697 470 752 autem
493 701 573 748 cum
593 703 656 772 per
675 704 721 747 se
732 683 844 771 potuit
862 681 992 766 faeere,-
1015 640 1090 752 tum
1112 684 1259 758 fortasse

181 790 323 884 ‚praeci
343 786 515 876 cujusdam
538 795 657 874 poetae
682 785 888 868 imitatione,
920 793 1016 866 cujus
1039 787 1075 852 in
1090 788 1154 857 hoc
1178 818 1260 860 car-a

211 898 305 967 mine
326 888 465 974 vestigia
487 886 563 952 sibi·
575 886 680 952 etiem
703 887 794 953 visus
807 899 857 952 est
870 888 1127 977 deprehendisse
1141 894 1258 979 Janus',
1281 926 1283 930 ¹

212 1000 270 1067 vir
286 991 509 1064 doctissimus.
552 990 604 1057 De
623 1011 699 1076 qua⁴
711 1013 749 1056 re
768 991 829 1057 etsi
844 990 972 1077 aliquid
992 1003 1142 1058 statuere
1163 1007 1259 1062 tanto

213 1102 256 1168 sit
278 1095 465 1176 difficilius,
493 1092 586 1179 quod
615 1091 651 1156 in
673 1091 853 1181 lyricorum
880 1116 1080 1181 graecorum
1103 1099 1257 1190 reliquiis

116 1199 119 1208 '
213 1203 350 1272 nullum
371 1199 554 1272 inuentum
571 1206 622 1263 est
635 1216 791 1276 carmen,
813 1196 856 1262 ad
870 1195 962 1282 quo'd
978 1196 1160 1266 referenda
1174 1201 1259 1268 haec

214 1308 277 1373 ode
289 1302 457 1379 videatur,
471 1309 587 1362 tamen
601 1318 713 1362 meam
728 1297 896 1383 aliquam
886 1312 1024 1388 msuptr
1038 1301 1161 1367 addam
1176 1325 1259 1370 con-

108 1446 109 1451 *
213 1412 411 1526 jecturam,
411 1422 484 1468 non
497 1398 629 1489 penitus
643 1399 747 1465 illem
754 1399 897 1468 fortasse
911 1403 1169 1491 aspernandam.
1192 1406 1260 1472 Et-

156 1574 170 1591 ,
213 1511 305 1580 enim
322 1526 473 1594 euap1cot
474 1551 484 1585 ,
490 1501 712 1585 Horatium,
726 1524 829 1589 quem
845 1504 899 1570 h1c
910 1505 1122 1593 potissimum
1138 1527 1261 1594 seque·
1324 1509 1326 1512 ’

213 1625 324 1695 retur,
347 1620 519 1677 auctorem
533 1603 693 1670 habuisse
708 1605 936 1688 Simonidem,
959 1629 1062 1694 quem
1079 1607 1197 1674 Cicero
1214 1605 1260 1675 de

215 1713 427 1786 divinatione
440 1708 579 1799 librali.
595 1732 622 1776 c.
639 1726 690 1794 27.
702 1705 832 1791 scribit,
842 1730 844 1759 ι
856 1733 961 1799 quum
975 1710 1129 1801 ignotum
1142 1733 1261 1798 qnem-
1340 1708 1344 1715 “

215 1818 320 1898 dam,
344 1814 608 1905 projectumque
631 1821 807 1878 mortuam
827 1814 991 1894 vidisset,
1027 1837 1169 1901 euntque
1189 1815 1259 1880 lue-

217 1919 400 1999 mavisset,
423 1913 632 2006 haberetque
653 1913 691 1980 in
714 1914 850 1998 animo,
874 1940 999 1984 navem
1016 1906 1260 1996 conscendere,

160 2104 164 2109 ,
216 2021 351 2099 nmaeri
357 2042 427 2110 per
439 2040 598 2088 somnum
610 2017 723 2084 visum
738 2041 825 2099 esse,
849 2042 892 2084 ne
912 2019 951 2084 id
957 2017 1119 2109 faceret,
1143 2019 1259 2100 abeo,

214 2149 319 2218 quem
338 2121 527 2211 sepultura
542 2117 747 2213 adfecerat,-
768 2123 801 2188 si
824 2122 1047 2217 naemasset,
1078 2146 1262 2189 enmnaeo·

208 2226 344 2330 fragia
362 2248 435 2295 esse
452 2224 666 2315 peritarum.
710 2223 825 2314 Quam
850 2225 1005 2290 eamdem
1022 2246 1096 2290 rem
1121 2247 1263 2291 narrans

109 2368 137 2391 ·.
210 2327 370 2401 Valerius
393 2327 611 2394 Maximus]
629 2349 675 2412 7
652 2327 786 2413 addit:
807 2326 1045 2410 Simonidem,
1070 2351 1260 2394 memorem

181 2480 190 2500 .
215 2422 397 2521 beneficii,
437 2429 696 2523 elegantissimo
715 2452 815 2546 eum,
858 2452 882 2532 a
903 2453 968 2520 quo
993 2441 1083 2501 esset
1096 2432 1261 2515 monitus*

123 2587 126 2590 ι
217 2533 373 2603 carmine
388 2531 595 2598 aeternitati
606 2532 869 2620 consecravisse.

210 2710 213 2717 Δ
283 2632 414 2718 Atque
435 2627 520 2698 hee'c
536 2617 673 2721 quidem
687 2631 860 2702 hactenus
902 2631 1022 2702 Restat
1038 2636 1196 2718 taudem,
1218 2651 1260 2706 ut

169 2798 174 2805 .
216 2739 260 2808 ed
280 2759 410 2804 norum
431 2728 541 2820 hun'c,
575 2759 670 2824 cujus
684 2759 783 2804 causa
797 2739 881 2809 haec
896 2738 1094 2805 estanobrs
1108 2741 1259 2827 prolusio

215 2839 386 2931 institute,
409 2836 622 2925 studiorum
623 2861 775 2925 cursum,
804 2841 940 2928 auspice
961 2843 1035 2907 Deo
1055 2833 1260 2929 ingrediun-¹

214 2932 317 3028 dum,
339 2948 374 3010 et
389 2965 462 3036 vos,
484 2935 649 3043 equibus
657 2965 765 3036 nuper
777 2967 848 3010 non
860 2944 933 3012 sine
946 2944 1113 3011 desiderio
1130 2947 1261 3013 disces·-

214 3047 337 3130 simus,
360 3056 392 3110 et
406 3067 485 3129 vos,
508 3067 655 3141 quorum
667 3045 702 3111 in
716 3058 891 3134 posterum
906 3070 1023 3115 curam
1039 3049 1121 3115 novi
1134 3074 1260 3116 mune·

215 3150 262 3217 ιιι
284 3143 437 3215 officium
461 3136 558 3225 nobis
580 3148 815 3249 commendat,
837 3150 1013 3240 utriusque
1028 3151 1258 3240 Collegiialu-
1336 3225 1340 3233 ,

215 3274 314 3319 mnos
328 3251 559 3318 exhortemur.
593 3241 696 3319 Vos
679 3250 798 3343 igitur,
821 3276 843 3319 o
864 3252 956 3337 boui,
976 3254 1133 3342 cogitate,
1155 3277 1259 3342 quam

216 3353 408 3423 animorum
423 3352 460 3418 in
475 3335 618 3452 optimas
630 3351 785 3428 litteras
773 3344 997 3423 lutentionem
1011 3370 1045 3424 et
1060 3369 1174 3424 vestra
1184 3357 1259 3424 uti-

92 3514 98 3523 .
176 3515 180 3533 ,
213 3457 315 3547 lites,
332 3467 369 3522 et
384 3453 538 3523 muneris
561 3439 743 3551 aliquando
763 3455 906 3546 gerendi
920 3457 1082 3549 dignatio,
1106 3465 1265 3555 etprae-‘

137 3613 142 3621 .
213 3561 365 3628 miorum
397 3556 494 3626 vobis
527 3545 781 3671 propositorum
816 3581 894 3626 oum
922 3577 989 3626 mu
983 3560 1154 3631 tificeutia
1182 3573 1257 3628 tum

179 3700 184 3705 >
214 3662 394 3750 splendor,
422 3670 502 3757 ante
526 3657 641 3744 omnia
658 3674 743 3724 vero
765 3660 896 3750 patriae
921 3674 1052 3729 vestrae
1073 3675 1256 3755 respectus,

188 3763 416 3878 praesertim
428 3751 465 3826 in
478 3739 541 3825 bite
557 3763 652 3826 tauta
662 3762 772 3830 seculi
783 3765 939 3848 lenitate,
962 3789 1001 3831 ac
1015 3769 1188 3834 doctrinae
1200 3788 1254 3832 se·

188 3851 357 3930 'verioris
384 3863 546 3950 flagitiose
568 3862 706 3949 jacentis
733 3864 908 3953 neglectu,
946 3892 967 3934 a
987 3868 1085 3936 vobis
1107 3870 1253 3958 exigant.

215 3961 319 4055 Quod
337 3965 402 4031 uti
412 3965 628 4048 feceritis,
601 3988 648 4032 stc
666 3976 701 4030 et
715 3964 814 4033 nobis
829 3965 1057 4066 docentibus,
1069 3983 1104 4038 ct
1120 3972 1255 4040 discen-
1310 4050 1318 4057 „

186 4064 303 4156 ,trous
321 4065 425 4158 vobis
440 4067 564 4136 laboris
577 4064 705 4160 optime
721 4070 886 4140 constabit
900 4072 997 4149 ratio.
1045 4092 1049 4096 ‘
1094 4091 1113 4107 ‘·
