2708 4636
556 309 874 389 ...nr-..-

195 514 305 590 nuper
324 497 362 567 in
383 490 545 584 Virgilio,
566 489 709 582 antehac
723 491 760 558 in
774 491 914 557 Platone
924 490 1065 579 aliisque
1080 489 1239 576 fecimus,

192 617 267 670 tum
279 605 346 669 hoc
360 614 513 688 tempore
525 596 562 661 iu
576 594 696 660 Iustini
706 592 854 660 ’historiis
868 592 1042 676 faciemus,
1052 597 1161 681 cujus,
1176 619 1239 662 su.

192 704 320 796 periori
335 722 439 781 anno,
461 722 540 765 oum
554 696 596 762 ad
609 696 783 764 historicas
805 699 963 764 lectiones
975 699 1069 764 velut
1081 698 1241 767 initiandi

66 806 73 825 '
191 808 352 895 discipuli
365 813 488 880 essent,
501 801 618 890 plures
631 800 784 888 deinceps
795 800 900 868 libros
915 802 1037 867 cursim
1047 800 1240 888 perlustra-

191 912 316 978 vimus.
359 903 559 992 inquibus,
587 916 751 988 quantum
773 925 838 993 per
856 925 1032 990 magnam,
1055 925 1122 988 qua
1138 902 1237 969 nobis

107 1034 110 1059 ¹
190 1012 402 1103 iungendum
432 1018 524 1088 erat,
553 1001 800 1072 festmationem
830 1005 939 1088 licuit,
967 1008 1041 1073 loca
1070 1007 1242 1089 nonnulla¹

189 1116 400 1195 notavimus,
422 1113 481 1178 vel
501 1119 675 1197 corrupta,
697 1119 731 1172 et
751 1107 793 1171 ab
813 1108 1055 1197 interpretibus
1075 1111 1237 1194 neglecta,

187 1222 245 1287 vel
259 1241 348 1300 sana,
371 1200 414 1285 sb
429 1214 619 1300 iisdemque
630 1222 759 1276 temere
771 1221 908 1291 tentata,
930 1224 989 1277 aut
1002 1213 1164 1277 nonsatis
1178 1213 1238 1279 in-

186 1321 404 1392 tellectaz'de
422 1317 569 1405 equibus,
592 1335 678 1401 quae
701 1324 777 1378 tum
797 1313 946 1378 breviter
961 1338 1102 1382 monere
1117 1317 1236 1385 visum

187 1426 264 1507 fuit,
280 1445 379 1491 nuuc
394 1420 510 1508 paullo
526 1415 720 1483 adcuratius
738 1415 948 1482 disseremus.

271 1529 297 1594 Ι.
320 1548 349 1608 7.
387 1523 462 1607 Quo
473 1519 598 1610 facto,
622 1515 843 1608 (Candaulus)
861 1531 896 1584 ot
910 1522 1064 1587 amicum
1076 1521 1234 1613 (Gygen)
1294 1536 1297 1543 “

185 1610 225 1699 ιιι
240 1623 598 1694 adulterinnausoris
616 1623 865 1703 sollicitatum,
889 1625 1022 1691 hostem
1036 1627 1103 1692 sibi
1117 1624 1234 1716 fecit,

184 1745 221 1799 et
236 1752 400 1809 umorem,
422 1751 464 1794 ve
465 1727 533 1792 luti
552 1724 685 1793 tradito
705 1726 773 1792 alii
794 1749 932 1806 amore,
956 1753 980 1794 a
995 1752 1031 1793 se
1050 1729 1231 1799 alienavit.

65 1841 80 1886 ’-
185 1832 351 1925 -Nomque
373 1829 470 1897 brevi
483 1838 566 1917 post
580 1839 733 1918 tempore
755 1829 878 1897 coedes
898 1831 1074 1898 (Ιαιιᾱαιιῐ
1060 1833 1229 1921 enuptio·

141 1930 147 1937 ’
182 1961 265 2006 rum
287 1931 533 2025 proemium
558 1929 739 2020 fiumen]
761 1971 763 1974 >
786 1933 876 2001 Haec
901 1946 1060 2022 corrupta
1078 1936 1228 2020 judicans

185 2037 381 2110 Gronovius
397 2032 593 2108 Observott.
600 2035 649 2102 ΙΙ.
666 2037 716 2103 ι5.
740 2037 856 2117 „Itane
869 2038 1117 2126 praemium?
1107 2041 1229 2128 inquit.
1283 2103 1286 2111 ,

182 2147 356 2234 „Oportet
375 2139 481 2225 igitur
498 2138 634 2229 nuptias
655 2139 872 2207 antecessisse
891 2140 1047 2220 caedem3
1075 2145 1233 2228 sequitur

181 2251 298 2332 „enim
317 2266 394 2310 rem
414 2253 543 2328 gestam
560 2243 763 2330 praemium
766 2247 788 2281 “
833 2231 953 2330 Quare
966 2242 1147 2328 legendum
1162 2268 1233 2334 pu-

77 2360 79 2367 .
178 2363 244 2416 m
273 2346 475 2435 nuptiarum
494 2345 696 2432 Pretium
717 2344 814 2434 firit:
835 2366 894 2423 ec,
916 2344 1231 2438 quodcaederegis

71 2467 74 2471 ·
180 2451 300 2519 emerit
317 2450 444 2534 Gyges,
467 2455 501 2509 et
518 2448 692 2533 paraverit
704 2446 840 2535 nuptias
855 2447 1001 2562 reginae.
1046 2450 1257 2539 Vulgatam'

176 2556 228 2622 ita
243 2549 393 2619 defendit
406 2545 534 2626 Faber,
556 2558 597 2612 ut
608 2548 817 2615 Iustinum
791 2572 838 2614 sic
859 2548 1029 2641 scripsisse
1043 2565 1160 2646 putet,
1183 2558 1228 2624 ad

176 2665 312 2724 morem
328 2649 552 2717 Asiaticorum
571 2635 817 2738 respicientem,
840 2651 899 2736 qui
910 2674 1056 2719 munera
1070 2669 1104 2721 et
1119 2680 1229 2744 gran-

177 2758 254 2824 dem
274 2753 445 2843 pecuniae
465 2774 636 2819 summam
659 2751 714 2821 ad
722 2774 880 2840 sponsam
901 2767 933 2819 et
951 2755 1041 2823 illius
1064 2777 1227 2874 parentes

59 2918 64 2935 ,
103 2903 105 2906 >
152 2848 351 2928 misissent.
395 2851 543 2919 Caedem
557 2853 669 2943 1g1tur
682 2851 848 2920 Candauh
865 2856 968 2922 fuisse
982 2882 1077 2945 quast
1069 2862 1228 2949 dotem,

175 2988 242 3049 qua
258 2963 372 3049 Gyges
393 2956 529 3043 reginae
545 2957 678 3043 nuptias
697 2956 899 3040 redimeret3
922 2971 1022 3045 atque
1037 2964 1122 3032 hinc
1138 2992 1222 3054 esse,

121 3061 124 3065 ’
174 3064 268 3151 quod
289 3061 458 3151 sanguine
477 3059 601 3128 moriri
622 3059 744 3125 dotato
768 3060 907 3127 dicatur.
960 3065 1048 3131 Mihi
1071 3071 1222 3157 quidem,

172 3179 214 3231 ut
232 3187 356 3228 verum
376 3159 502 3242 fatear,
524 3183 635 3247 neque
652 3163 717 3228 ista
740 3162 891 3253 defensio
911 3169 1087 3250 satisfacit,
1108 3197 1222 3261 neque

170 3269 228 3336 illa
245 3263 414 3333 Gronovii
427 3262 629 3330 emendatio.
674 3266 770 3355 Quid
788 3269 878 3333 enim
893 3293 978 3359 opus
993 3284 1065 3338 erat
1077 3275 1221 3393 hujusce

80 3436 86 3451 ι
171 3368 266 3438 modi
287 3367 402 3452 aliqua
422 3367 496 3431 sive
516 3364 651 3453 pretii
666 3370 739 3435 sive
759 3371 902 3462 praemii
923 3376 1098 3460 pactione,
1119 3379 1156 3447 in
1177 3405 1220 3449 re
1293 3360 1297 3371 ι

64 3462 67 3469 ’
88 3508 90 3515 -
170 3493 260 3559 quae
282 3469 419 3554 utrique
439 3466 583 3555 perinde
599 3483 671 3537 erat
691 3493 734 3536 ex
750 3475 941 3554 sententia?
973 3479 1176 3548 Nimirum
1157 3507 1219 3551 re-

74 3608 77 3617 1
103 3653 107 3671 Ι
167 3574 248 3666 gina
261 3590 331 3637 non
344 3570 421 3637 1deo
429 3571 522 3659 Gygi
536 3571 695 3654 nubebat,
718 3577 808 3661 quod
820 3575 877 3642 hic
892 3600 1007 3665 regem
1022 3586 1217 3670 sustulerat,

70 3731 72 3735 Α
167 3677 227 3744 sed
248 3675 418 3741 sublatum
439 3698 555 3762 regem
577 3674 752 3763 cupiebat,
774 3700 840 3763 quo
860 3680 1028 3768 potiretur
1046 3683 1214 3754 adultero.

165 3783 280 3863 ltaque
292 3787 351 3842 aut
366 3775 476 3857 fallor,
500 3786 559 3841 aut
566 3780 787 3865 prooemium
801 3782 933 3870 scripsit
945 3784 1103 3866 Iustinus,
1119 3789 1214 3873 quod

100 3872 347 3950 facillime
336 3902 374 3944 ιιι
387 3879 591 3966 praemium
609 3879 700 3946 abiit.
743 3883 968 3951 Prooemium
986 3901 1086 4005 puto,
1108 3913 1212 3957 sensu

145 3980 323 4075 proxime
344 4002 366 4045 a
387 3978 588 4048 citharoedis
617 3982 716 4049 ducto
739 3986 889 4071 legitimo
912 3991 1054 4056 carmini
1071 3996 1210 4081 praclu-

135 4126 137 4139 ι
162 4083 331 4154 dentibus.
374 4081 451 4151 vid.
465 4084 629 4170 Quinctil.
641 4087 757 4160 lassis.
773 4087 844 4158 IV·
860 4111 888 4158 1.
908 4091 957 4160 in.
973 4092 1043 4164 Cio.
1057 4093 1100 4161 de
1116 4107 1208 4164 orat.
