2708 4636
505 356 592 374 -—
634 324 694 390 501
739 356 825 376 —-

147 492 501 588 iutelligitz'poertdva,
526 495 553 563 ὦ
568 495 740 586 Σώκρατες,
760 494 880 582 inquit,
902 495 1003 578 1111δή
1018 492 1187 566 adsidua·

149 604 256 690 pictor
275 601 334 685 φής
357 605 458 684 σαυτῷ
482 597 624 667 ἑκάστοτε
645 604 816 685 γίγνεσθαι.
868 595 921 666 Ex
940 602 1039 686 hujus
1060 599 1187 689 figurae
1217 640 1219 644 ι

146 703 527 772 notationeconciliandi
540 703 628 767 inter
643 722 678 764 se
693 712 769 766 suut
781 703 969 794 Matthaeus
985 704 1184 785 ettoannes,

147 829 292 894 quorum
317 805 431 870 illoc.
441 803 574 876 XXVI.
597 803 655 869 8st
645 825 681 868 111
705 802 846 869 historia
861 788 1010 872 mulieris
1028 802 1186 870 Soterem
1240 788 1249 807 '

145 918 320 994 unguento
335 905 491 991 pretioso
510 906 762 992 persuadentis,
789 904 919 985 Ιδόντις
941 912 974 974 δὲ
995 915 1023 974 οἱ
1043 888 1188 1027 patiami

145 1010 250 1087 αὐτοῦ,
263 1008 384 1093 iuquit,
406 1005 613 1093 ἠγανάκτησαν
628 1010 777 1094 λέγοντες
798 1013 890 1087 sicci
902 1037 922 1087 η
877 1004 1126 1076 tmtusttaoe'
1087 1027 1184 1089 coen,

146 1113 203 1178 hic
216 1123 331 1176 contra
345 1111 419 1176 ΧΠ.
435 1109 467 1174 4.
491 1108 648 1174 eumdem
668 1132 856 1176 sermonem
877 1132 938 1192 pm
928 1102 1184 1173 tribuitJudao

145 1214 363 1281 ischariotes:
398 1210 622 1277 conciliandus
639 1233 772 1298 quoque
790 1212 945 1291 Paullus,
977 1209 1036 1296 qui
1056 1210 1082 1274 1.
1104 1211 1186 1275 θον.

146 1315 236 1395 XV,
249 1317 293 1382 ·5.
313 1314 485 1380 Christum
510 1311 703 1393 redivivum
721 1336 793 1380 sese
810 1303 993 1380 ostendisse
1017 1309 1098 1376 dicit
1122 1314 1185 1402 τοῖς

146 1417 279 1493 δώδεκα,
301 1438 377 1485 cum
403 1417 518 1483 Marco
538 1413 630 1485 XVI.
654 1415 702 1482 14.
723 1417 855 1487 dicente
874 1414 973 1479 illum
992 1412 1186 1501 adparuisse

146 1526 212 1598 τοῖς
231 1526 352 1598 thirsa,-
374 1519 463 1605 quod
486 1520 587 1583 unice
610 1518 765 1584 historice
778 1540 901 1583 verum
918 1524 984 1597 est,
1005 1538 1110 1601 quum
1123 1513 1184 1578 illd
1277 1532 1283 1541 ‘

147 1633 300 1708 tempore
320 1620 421 1686 iudas
441 1642 486 1683 ex
499 1621 728 1705 apostolorum
747 1643 890 1685 numero
907 1617 1097 1697 excesserit,
1120 1612 1187 1680 nisi

146 1723 260 1809 siquis
279 1723 390 1811 potius
412 1720 594 1787 dicendum
611 1722 714 1787 fuisse
734 1734 831 1811 putet
845 1725 934 1803 δέκα,
957 1720 1045 1806 quod
1063 1718 1187 1784 scilicet

97 1907 109 1914 υ
147 1849 187 1892 eo
208 1837 362 1914 tempore
383 1845 492 1907 neque
508 1824 656 1889 Thomas
671 1824 839 1892 adfuisset.
872 1814 1186 1901 Viti-IounaXX.
1247 1902 1251 1914 „

147 1929 199 1994 24-
245 1928 309 1992 Sed
324 1927 364 1989 ad
378 1926 532 1989 Paullum
553 1948 631 1989 curn
644 1929 758 2007 Marco
779 1925 1024 1993 conciliandum
1041 1923 1186 1990 minime
1217 1926 1219 1930 ’
1319 1960 1321 1967 ·

149 2051 234 2114 opus
249 2038 309 2106 est,
332 2038 369 2088 ut
383 2026 555 2107 vulgatam
580 2027 756 2097 lectionem
772 2018 985 2118 repudiantes
997 2049 1075 2090 cum
1089 2021 1185 2088 codi-

148 2130 243 2196 cibus
258 2125 476 2214 quibusdam‚
500 2125 711 2191 versionibus
734 2154 772 2194 ac
790 2131 941 2216 patribus
955 2127 1081 2194 Latinis
1092 2127 1187 2212 lega-2

149 2255 226 2301 mus
242 2235 362 2298 ἕνδεκα,
387 2247 473 2310 quae
490 2225 589 2290 lectio
604 2241 717 2315 aperte
736 2233 932 2298 correctoris
946 2252 1084 2296 manum
1099 2248 1188 2315 pro·
1255 2278 1269 2301 ,.

148 2334 199 2400 dit
213 2333 254 2397 de
270 2331 470 2419 scriptorum
492 2351 664 2395 sacrorum
689 2354 850 2399 consensu
864 2330 1020 2420 imperite
1035 2318 1186 2411 solliciti,

146 2459 268 2502 verum
299 2455 372 2498 rem
396 2454 532 2496 ornnem
553 2455 620 2503 una
639 2433 800 2499 facillime
821 2433 961 2531 expedit
983 2429 1183 2509 observatio,
1240 2469 1242 2477 ,

145 2538 230 2603 haec
245 2536 379 2600 seilicet.
429 2529 495 2599 Ubi
509 2535 551 2600 de
575 2537 774 2626 collegiol
735 2562 757 2602 a
774 2539 851 2628 iquo
866 2544 1079 2602 memoratur
1090 2543 1183 2598 certo
1218 2591 1220 2595 ,

145 2654 287 2703 numero
303 2648 497 2717 constante,
522 2637 753 2705 interduml
707 2665 736 2729 p
738 2642 834 2706 lenus
854 2662 1015 2706 numerus
1031 2658 1184 2702 comme-

147 2750 322 2815 moratur,
345 2762 411 2804 uao
428 2741 485 2805 vei
500 2740 662 2829 pluribus
685 2741 851 2807 detractis
869 2755 931 2806 aut
947 2737 1184 2831 detrahendis.

147 2838 234 2903 Eam
264 2837 398 2924 quidem
431 2841 699 2906 observationem
727 2841 859 2908 firmare
886 2845 964 2907 licet
984 2841 1139 2925 exemplo
1162 2860 1186 2902 e

147 2938 365 3026 scriptoribus
377 2940 543 3027 profanis,
565 2942 663 3035 haic,
685 2942 775 3026 quod
794 2944 928 3008 esacris
948 2942 1043 3007 libris
1057 2939 1185 3005 adtuli-

146 3065 235 3120 mus,
247 3041 346 3127 plane
358 3041 502 3124 gemino.
525 3041 657 3113 Scilicet
670 3056 744 3130 post
758 3067 906 3133 pugnam
922 3045 1073 3119 navalem
1089 3039 1184 3159 apud
1271 3065 1274 3073 ·

146 3145 329 3230 Arginussas
351 3155 533 3233 pugnatam
553 3144 807 3213 Atheniensium
830 3160 1018 3236 praetores,
1041 3145 1099 3233 qui
1113 3162 1183 3213 nu-

145 3272 242 3317 mero
257 3246 371 3311 decem
385 3255 490 3322 erant,
502 3248 602 3328 quod,
618 3249 752 3336 disjecta
764 3251 874 3316 subita
886 3261 1083 3346 tempestate
1094 3248 1183 3314 olas·
1216 3240 1221 3252 ’

147 3373 199 3425 se,
222 3360 406 3414 caesorum
413 3345 560 3412 militum
576 3372 719 3447 corpora
734 3353 926 3438 sepulturae
942 3354 1102 3418 mandare
1117 3374 1183 3415 ne

147 3445 333 3536 quiverant,
355 3451 470 3537 capitis
486 3462 565 3514 sunt
579 3451 733 3518 accusau
766 3453 820 3520 Ex
833 3453 885 3520 bts
899 3439 1090 3542 Xenophon
1105 3463 1183 3519 octo

149 3550 915 3630 (11111110111111111,111Ηιιονιιι0111111111
942 3552 1025 3626 VII.
1043 3577 1090 3618 11·
1134 3553 1182 3620 At
1265 3612 1267 3617 .

147 3653 234 3725 ΛεΙ
221 3676 289 3717 aaa.
314 3650 359 3719 V.
379 3651 428 3719 H.
448 3651 512 3719 III.
534 3677 581 3739 ¹7·
607 3678 682 3722 cum
702 3658 773 3723 aliis
795 3660 907 3724 multis
925 3660 1026 3732 habet
1047 3656 1181 3751 deceat.

148 3753 230 3842 Quo
241 3753 363 3839 modo
353 3757 454 3842 igitur
469 3755 529 3821 hi
518 3768 608 3827 inter
621 3778 659 3820 se
671 3772 749 3825 sunt
752 3758 979 3855 conciliandi?
1008 3728 1180 3828 Nimirum
1269 3817 1277 3825 .

145 3835 331 3942 Xenophon
354 3869 452 3942 atque
467 3858 600 3931 Marcus
613 3882 685 3924 rem
708 3863 847 3937 tradunt
861 3888 902 3930 ex
919 3864 1073 3930 historiae
1086 3865 1180 3932 veri

145 3971 224 4032 tate,
239 3957 322 4019 alter
333 3961 485 4024 undecim
499 3961 662 4047 apostolos
675 3985 879 4046 memorans,
893 3991 961 4033 uno
974 3968 991 4032 J
994 3966 1059 4031 uda
1072 3989 1089 4029 e
1103 3975 1174 4028 toto

143 4081 287 4126 nummo
302 4060 486 4146 subtracto,
508 4063 594 4129 alter
606 4072 683 4159 octo
705 4074 835 4162 tautum
846 4083 1025 4211 praetores
1021 4052 1182 4134 damna-
