2708 4636
552 306 873 375 v——ba-ae

194 448 316 562 seium
329 482 431 550 etiam
445 479 652 549 infantulum
666 475 797 542 inducit
809 477 878 541 huc
890 474 970 540 illue
985 471 1244 565 discurrentem,
1257 559 1259 565 Ι

183 594 441 672 ¹inventumque
461 584 587 650 silicem
610 581 666 645 vel
688 577 799 677 forma
822 578 1107 664 singularemsvel
1122 580 1250 670 colori·
1296 584 1300 589 ’

139 681 142 687 ’
194 691 405 763 busvarium
418 685 647 751 ostendentem
671 682 782 748 matri.
826 681 885 761 At,
908 678 1269 765 111110,11111111111Ι

198 805 391 865 commento
414 789 465 857 rei
481 786 586 877 ipsius
608 784 813 852 miraculum
828 785 924 851 valde
939 797 1092 871 augetur.
1140 785 1249 877 Quod

113 919 117 939 ·
196 901 226 969 si
242 901 289 967 ita
303 897 411 976 foret,
432 903 547 956 tamen
565 899 601 953 et
613 887 680 954 viri
695 883 778 967 erait,
799 888 934 953 nonnisi
949 911 989 963 ea
1003 887 1133 974 fingere
1148 903 1251 977 atquc
1288 914 1291 922 ·

90 1024 95 1039 ·
195 1000 343 1081 referre,
364 1016 452 1084 quae
471 992 564 1059 viros
585 985 860 1057 mov'erent.1n
881 988 984 1055 1111111
1008 1003 1123 1056 autem
1137 992 1248 1060 fundo

195 1099 327 1192 lapillos
342 1120 442 1163 nemo
461 1095 550 1181 leget
570 1092 635 1157 nisi
656 1091 789 1175 infans,
809 1116 910 1192 nemo
928 1093 963 1159 id
984 1093 1165 1161 mirabitur
1185 1099 1264 1175 nisi·

195 1205 302 1273 bomo
317 1198 506 1267 simillimus
518 1193 670 1264 infantis.
708 1195 800 1284 Quid
815 1207 930 1260 autem
945 1195 983 1259 in
998 1193 1107 1261 fundo
1120 1200 1250 1272 maris?

196 1309 273 1376 Huc
293 1327 338 1369 au
357 1313 442 1389 opus
467 1311 540 1364 erat
561 1297 779 1380 descendas,
803 1309 841 1362 ut
861 1297 969 1393 lapilli
992 1313 1249 1384 quaererentur,

197 1428 346 1520 quorum
363 1401 529 1469 infinitam
549 1401 682 1488 copiam
703 1423 769 1464 non
792 1399 870 1465 litus
884 1374 1000 1481 ¹niodo,
1022 1401 1131 1468 sedet
1147 1402 1250 1468 rivu-

190 1502 250 1580 lus
273 1509 418 1598 quisque
438 1502 628 1568 offciebatl
649 1500 720 1568 Nisi
736 1500 789 1567 sor
791 1513 823 1566 te
837 1502 1045 1567 admodum
1035 1506 1250 1591 ingeniosum

196 1612 370 1689 videatur,
405 1606 443 1670 in
466 1603 559 1670 omni
578 1602 700 1669 itinere
722 1604 868 1670 infantes
891 1605 1007 1671 induci
1031 1619 1065 1670 et
1089 1607 1249 1707 flosculos

196 1717 344 1802 legentes
368 1720 403 1775 et
421 1705 609 1796 papiliones
633 1717 803 1793 captantes
831 1730 937 1797 eaque
943 1692 1107 1773 facientes
1120 1700 1249 1809 omnia,

197 1839 285 1904 quae
301 1810 374 1881 fieri
389 1809 430 1875 ab
446 1807 630 1873 infantibus
643 1809 760 1873 solent.
798 1809 842 1875 At
856 1811 921 1876 hoc
936 1809 1070 1909 quidem
1082 1832 1145 1875 nec
1160 1812 1246 1901 pin-

197 1940 278 2005 gere
306 1925 357 1979 est
382 1934 493 1997 neque
517 1921 653 1997 poetam
684 1933 802 1996 agere,
843 1935 966 1979 verum
996 1934 1243 2013 repuerascere

189 2022 314 2107 ,Itaque
334 2015 420 2081 haec
445 2013 569 2078 merito
591 2036 611 2077 a
632 2013 780 2079 Boilavio
809 2014 984 2099 rectissimi
1002 2002 1118 2102 judicii
1144 2019 1247 2104 poeta

190 2117 418 2211 ‚sequentibus
433 2114 589 2183 versibus
597 2127 676 2180 sunt
693 2115 809 2184 densa

187 2316 192 2335 ,
242 2257 400 2325 N‘imitez
418 2277 476 2339 pas
494 2276 529 2316 ce
548 2255 619 2330 fou,
645 2277 701 2338 qui
692 2255 886 2319 dccrrvant
897 2263 944 2318 les
956 2260 1056 2334 meri,
1136 2282 1166 2325 ·,

153 2366 155 2371 ’
189 2393 194 2401 ,
239 2348 287 2409 Et
301 2344 459 2426 peignant
475 2362 516 2399 au
532 2338 645 2398 millen
661 2339 699 2400 de
713 2341 884 2403 leursflots
901 2344 983 2403 entr’
996 2358 1139 2406 11111111

212 2418 616 2494 L’Hebreusauvedu
606 2443 686 2508 JOUg
704 2423 743 2484 de
761 2447 809 2486 ses
828 2418 1136 2510 injustesMaistres
1226 2469 1243 2488 ,ι
1278 2416 1289 2427 .

188 2516 192 2525 '
243 2515 320 2576 Met
335 2531 419 2592 pour
432 2513 463 2568 le
477 2507 550 2569 voir
564 2528 673 2588 passer
686 2514 732 2570 les
745 2510 895 2591 poissons
911 2534 975 2571 aux
991 2513 1205 2590 fenestras,

240 2594 338 2658 Peint
353 2599 383 2654 le
396 2591 483 2675 petit
499 2592 623 2666 enfant,
644 2593 700 2676 qai
716 2617 774 2671 vu,
798 2607 909 2674 sonte,
934 2619 992 2662 rret
985 2596 1089 2675 ient,

240 2680 288 2749 Et
297 2673 520 2768 joyeuxdsa
536 2697 571 2739 m
573 2673 627 2740 dre
648 2674 736 2766 affre
750 2701 796 2743 un
811 2681 882 2745 coil
882 2682 953 2760 lon,
978 2695 1062 2771 qu’z
1050 2646 1220 2752 tinent.
1254 2645 1279 2735 -t

188 2814 439 2923 'Huiuscemodi
475 2829 657 2918 splendidis
684 2831 819 2919 ineptiis
847 2854 866 2895 e
892 2813 1022 2909 Latinis
1049 2800 1176 2922 plenus
1197 2804 1249 2915 eit
1284 2835 1290 2841 ’

189 2936 348 3019 ,maxime
378 2936 545 3005 Lucanus.
595 2933 650 3001 Ex
678 2936 773 3022 qulrs
807 2924 988 3019 Pharsalia
1004 2930 1140 3005 nonnisi
1157 2940 1249 3039 'libri

64 3098 69 3111 ,
133 3074 142 3123 i.
184 3038 294 3122 ,tertii
305 3037 409 3103 finem
427 3037 709 3104 commemorabo.
753 3037 804 3102 Ibi
829 3038 1005 3120 nimirum,
1028 3030 1204 3124 Homeri,
1206 3055 1248 3115 ur

59 3172 63 3185 ·
144 3220 160 3239 ι
197 3153 301 3239 puto,
331 3137 537 3224 diligentiam
566 3142 767 3224 aemulatus,
803 3139 933 3223 diversa
959 3142 1220 3239 ,singulorum‘
1209 3171 1249 3227 ip

196 3241 336 3336 proeliis
370 3239 538 3306 virorum
553 3243 701 3308 vulnera
719 3255 825 3330 atque
846 3256 977 3311 mortes
992 3234 1251 3319 adcuratissime

197 3340 441 3444 describentis,
452 3343 581 3408 navalis
600 3365 733 3433 pugnae
747 3345 789 3410 ad
803 3334 986 3427 Massiliam
1009 3350 1246 3423 narrationem

195 3448 297 3518 simili
319 3466 460 3512 casuum
488 3445 653 3512 varietate
619 3447 885 3537 tedistinguere
908 3432 1065 3535 plurimis
1087 3430 1246 3542 deinceps

188 3538 348 3621 versibus
370 3559 424 3615 est
448 3559 631 3615 conatus.
653 3549 766 3638 Quam
796 3560 930 3638 partem
959 3556 1095 3618 omnem
1117 3552 1249 3621 sicum

175 3708 183 3721 „
195 3634 382 3723 Homericis
402 3652 468 3719 illis
482 3653 648 3735 conleras,
669 3664 742 3717 tum
758 3648 896 3745 demum
910 3644 1048 3732 videbis,
1071 3655 1261 3757 quomodo

194 3764 248 3823 'res
271 3754 413 3821 minime
428 3772 506 3843 {per
528 3779 564 3839 se
585 3752 984 3846 irnprobanda‚‘1ngenii
1011 3748 1248 3847 inopportuna

196 3852 446 3922 ostentatione
435 3869 548 3946 mepta
552 3856 638 3922 lieri
650 3871 750 3944 atque
765 3859 942 3944 nugatoria
958 3858 1073 3947 possit.
1109 3848 1248 3955 Home-

103 4032 108 4037 ,
195 3979 255 4029 tna
276 3956 410 4046 quidem
440 3963 666 4047 quorumdam
686 3961 870 4027 vulnerum
902 3985 1040 4027 omnem
1068 3944 1248 4049 exponens

196 4059 377 4143 radonem,
399 4052 631 4134 admirabilem
645 4059 792 4154 corporis
798 4057 952 4133 humani
967 4048 1247 4155 singularumque

283 4328 291 4361 x
310 4314 312 4326 .
