2708 4636
399 343 831 411 .1....·4...

47 583 54 594 ,
107 521 108 524 ’
169 518 413 591 Verumtamen
431 537 511 580 cum
533 491 603 579 istis
619 513 805 589 virtutibus
816 514 951 603 singulis
966 512 1113 586 eminere
1128 543 1219 609 pau-

29 619 32 631 '
170 648 227 690 cos
236 604 424 702 videamus,
436 629 515 682 tum
529 629 688 704 utrasque
702 619 805 684 simul
818 620 942 716 eximio
955 623 1102 737 quodam
1116 623 1242 691 modo:

170 726 208 792 in
228 725 346 790 eodem
365 720 504 787 homine
526 721 657 804 junctae
676 722 785 787 multo
808 724 916 789 rarius
942 725 1088 789 inveniri
1109 750 1219 814 posse,

119 855 122 867 ·
170 827 269 895 facile
287 825 424 913 qui'dem
437 846 499 908 per
517 820 773 909 seintelligitur.
802 826 930 911 hique
941 825 1024 893 illud
1041 838 1144 913 porro
1156 829 1220 895 ad·
1252 869 1262 899 ¹.

171 931 310 998 firmare
328 914 472 1018 minime
487 923 656 1006 dubitabo,
677 924 839 991 ferventis
856 928 1050 1015 phantasiae
1066 929 1102 992 vi
1115 937 1233 1021 atque

63 1101 68 1114 q
172 1033 276 1100 animi
294 1029 449 1099 concitati
464 1023 583 1114 vigore
609 1024 732 1092 mentis
747 1027 854 1095 aciem
872 1029 1032 1097 facillime
1064 1033 1220 1119 obtundi,

168 1135 403 1222 ‘judiciumque
427 1131 529 1197 etiam
552 1129 762 1218 praeclarum
783 1132 837 1199 vel
856 1133 1003 1227 opprimi
1024 1135 1080 1200 vel
1097 1131 1221 1204 debili-

84 1273 90 1286 ·
168 1237 252 1303 tari.
297 1237 402 1322 quue
425 1232 509 1301 vel
499 1233 655 1321 inprimis
675 1232 711 1298 in
730 1231 848 1320 poetis
857 1231 905 1296 ita
920 1233 993 1298 lieri
1006 1246 1099 1301 tanto
1113 1238 1219 1325 magis

74 1418 77 1425 Ι
121 1328 124 1333 ⁴
169 1320 434 1429 propemodum
443 1348 491 1400 est
510 1357 662 1419 necesse,
684 1335 775 1423 quod
794 1334 876 1400 istae
896 1337 987 1403 vires
1007 1361 1078 1407 non
1100 1339 1220 1427 eodem

172 1445 376 1515 evolvuntur
387 1452 507 1506 tenore
519 1459 632 1524 neque
653 1460 722 1503 una
738 1426 943 1518 adolescunt,
964 1462 1024 1503 ver
1025 1460 1095 1521 um,
1117 1440 1221 1506 efful

113 1632 116 1640 Ι
173 1534 307 1645 gente
294 1544 413 1609 eodem
433 1543 530 1608 velut
548 1538 683 1626 impetu
700 1539 886 1627 phantasia,
907 1541 1069 1626 judicium
1083 1544 1219 1630 paulla

171 1649 235 1714 tim
258 1645 469 1725 maturescit,
490 1645 695 1734 longoque
671 1663 789 1708 rerum
806 1662 870 1708 usu
885 1654 986 1732 atque
1003 1645 1143 1729 adsidua
1158 1646 1220 1711 de
1264 1675 1271 1682 ·

126 1784 130 1799 «
171 1773 272 1818 ιιιιιιιι
286 1744 373 1819 varia
364 1747 576 1832 diversique
587 1746 698 1810 cultus
710 1745 886 1833 perficitur
897 1747 1127 1814 sollicitudine.
1145 1751 1219 1815 lta·
1241 1797 1243 1800 -

134 1837 145 1870 ⁵
172 1876 240 1942 que
260 1851 416 1940 plerique
438 1873 478 1915 ea
501 1859 735 1935 aetate,·quae
757 1848 829 1914 sere
849 1846 934 1912 nihil
953 1847 1113 1938 simplex,
1136 1850 1218 1916 nihil

122 1986 127 1993 ’
173 1950 391 2040 tranquillum
413 1951 637 2021 autsedatum
653 1963 755 2031 amat,
777 1951 911 2037 ingenio
924 1951 1167 2035 efflorescentes
1184 1965 1219 2019 et
1238 1945 1245 1971 ³

173 2060 244 2146 jam
260 2053 462 2121 carminibus
476 2051 567 2134 clari,
582 2053 642 2121 ubi
655 2051 879 2121 defervente'
869 2055 1051 2139 juventutis
1067 2070 1171 2136 aestu,
1187 2068 1221 2124 et

174 2157 305 2225 acutius
313 2179 450 2223 cernere
458 2168 492 2221 et
502 2154 625 2242 rectius
636 2150 761 2220 sentire
770 2169 870 2243 atque
883 2153 1053 2246 judicare
1042 2159 1220 2246 incipiunt,

170 2259 258 2337 hae
247 2259 335 2350 ipsas
359 2258 448 2327 nacti
467 2238 621 2340 virtutes,
641 2257 714 2323 sine
734 2259 856 2372 quibus
871 2280 1007 2325 carmen
1027 2259 1219 2348 perfectum

170 2364 305 2433 nullum
314 2360 435 2440 ernstrt
442 2382 482 2424 us
492 2359 543 2426 un
550 2382 646 2448 posse
657 2383 795 2427 omnino
804 2363 969 2433 desinunt
978 2363 1089 2448 Atque
1100 2361 1216 2430 etiam‘·

172 2471 201 2533 si
223 2467 362 2532 tortasse
381 2459 538 2526 nonnulli
558 2483 664 2550 supra
686 2473 830 2529 aetatem
851 2464 1013 2553 sapientes
1030 2465 1150 2530 erroris
1165 2462 1235 2532 sui

145 2572 148 2577 ’
172 2568 349 2638 levitatem
372 2560 537 2628 maturius
562 2579 825 2652 perspexerunt,
847 2579 961 2634 tamen
975 2568 1082 2634 laudis
1100 2570 1156 2635 vel
1170 2569 1219 2651 sic

161 2680 288 2762 partae
299 2679 433 2734 tenaces
446 2664 649 2752 plerumque
662 2666 803 2759 meliora
814 2669 909 2754 aequi
924 2668 1142 2751 nonaudent,
1163 2680 1220 2748 eit-j
1286 2710 1290 2715 ·

72 2777 75 2781 ’
123 2856 126 2862 .
171 2795 239 2861 que
252 2766 448 2840 infirmioris
461 2767 578 2834 aetatis
591 2765 839 2836 aberrationem
853 2770 1094 2838 inconsultum
1109 2772 1214 2838 vitio·
1266 2761 1273 2795 ’ς

171 2898 250 2945 rum
279 2883 483 2973 convertunt
506 2868 745 2960 patrocinium.
802 2872 964 2962 Quorum
991 2873 1165 2961 ingenium
1180 2872 1218 2942 si

167 2976 327 3067 'sapientis
345 2973 492 3062 magistri
509 2997 594 3040 voce
614 2996 653 3041 ac
668 2977 901 3066 praeceptione
915 2975 1033 3043 fuisset
1045 2991 1218 3066 tempera-

70 3142 72 3149 ,
172 3092 268 3161 tum,
289 3099 399 3164 neque
424 3074 577 3165 profecto
599 3075 664 3163 ipsi
682 3075 725 3140 ab
747 3075 808 3141 his·
821 3077 954 3144 artibus·
961 3076 1104 3166 gloriam
1118 3080 1216 3169 pete-

59 3186 61 3193 ’
142 3166 147 3174 ’
169 3193 259 3264 rent,
281 3179 401 3266 quibus
422 3178 565 3267 pessima
589 3170 744 3264 quaeque
759 3180 998 3271 defenduntur,
1020 3205 1128 3270 neque
1143 3191 1216 3274 tam

32 3349 36 3357 ,
92 3276 101 3282 ”
169 3285 296 3353 multos
318 3282 361 3371 aql
381 3280 520 3370 speciosi
544 3279 692 3367 exempti
706 3280 886 3348 infaustam
901 3297 976 3372 post
991 3309 1027 3350 se
1043 3285 1216 3353 traherent

89 3403 92 3407 ’
168 3385 403 3456 imitationem.
445 3384 580 3470 Exque
597 3395 738 3470 apparet
757 3401 847 3462 sane,
861 3399 1069 3477 quantopere
1082 3388 1216 3463 littera-

19 3512 39 3567 ζ
101 3560 104 3565 ,
168 3514 248 3559 rum
266 3487 413 3571 intersit,
434 3499 471 3554 et
488 3497 666 3574 praecepta
687 3499 778 3553 recte
789 3488 979 3554 scribendi
977 3491 1115 3578 saepius
1136 3493 1220 3558 vul-

97 3614 100 3618 ‘
146 3591 258 3679 fgari,
281 3603 315 3656 et
337 3590 458 3657 indicia
478 3589 536 3655 illa
560 3588 689 3677 exponi
710 3590 916 3676 diligentius,
939 3591 1060 3678 quibus
1082 3606 1115 3659 et
1135 3619 1218 3662 sana

162 3689 366 3780 loquentia
367 3706 400 3758 et
409 3688 621 3759 mamafucus
631 3688 1032 3777 puenliaqueverborum
1041 3696 1217 3784 pigmenta
1275 3690 1279 3696 ’

168 3807 283 3884 aperto
299 3795 491 3863 discrimine
506 3803 694 3875 teneantur.
713 3792 815 3882 Quod
832 3818 1028 3884 quanquam
1045 3801 1175 3886 egregie
1193 3825 1215 3868 a
1290 3865 1296 3871 .

95 3951 97 3954 ,
146 3894 153 3905 ⁸
168 3898 335 3965 ueteribus
358 3881 891 3983 recentioribusque'scriptoribus
906 3897 1036 3977 factum
1052 3913 1102 3967 est
1114 3925 1216 3992 saepe

84 4074 92 4090 ⁶
155 3998 298 4083 smaltis,
321 4011 436 4065 tamen
458 4020 612 4079 omnem,
636 3996 696 4084 qui
714 3996 831 4064 iisdem
848 3999 938 4067 hisce
953 4004 1053 4071 rebus
1066 4005 1214 4092 ingemi·

165 4103 284 4178 naudis
303 4099 576 4186 inculcandisque
596 4098 794 4183 insumitur,
823 4100 976 4179 laborem
996 4130 1058 4183 1102
1071 4107 1217 4196 ¹quidem
