2708 4636
512 329 840 421 ...274-

145 505 280 589 rabola,
297 526 368 594 quo
386 503 474 571 nihil
486 502 612 571 ¹falsius
634 504 1133 598 nequeperversiuseogitari
1148 537 1206 604 po-

148 621 224 675 test.
260 609 339 676 Non
354 609 448 679 enim
458 607 510 692 rei
521 607 665 673 difficilis
681 619 741 674 aut
755 610 919 675 obscenae
935 615 1206 702 explicationem

148 713 311 802 parabola
330 711 505 797 sequitur,
526 710 584 776 sed
607 712 657 777 rei
675 734 738 799 per
754 734 790 776 se
803 712 989 780 intellectu
1003 715 1124 785 facilis
1134 721 1208 788 illn-

149 813 364 892 strationem
384 813 449 879 hoc'
463 825 531 893 est,
551 835 626 879 rem
644 812 723 877 satis
737 813 773 877 in
788 834 824 879 se
835 817 985 899 claram,
1001 821 1070 886 sed
1087 821 1208 890 intelli-

39 910 48 929 ²
149 915 282 1004 gentiae
305 916 508 1000 subjectam,
552 936 621 1000 quo
644 915 776 981 facilius
794 916 970 1002 altiusque
994 920 1040 986 in
1062 925 1205 994 animum

89 1024 98 1035 '
151 1016 344 1095 descendat,
365 1015 514 1102 imagine
533 1014 790 1104 comprehendit
808 1017 851 1083 ad
873 1041 1006 1086 sensus
1035 1025 1204 1111 phantasi-

152 1144 277 1208 amque
288 1118 498 1209 pertinente.
541 1106 661 1205 Itaque
679 1117 848 1185 contraria
868 1121 1018 1188 ratione-
1031 1129 1203 1214 parabolae

28 1286 30 1293 ,
151 1223 257 1313 ipsius
277 1220 460 1312 explicatio
479 1220 663 1308 repetenda
683 1231 733 1286 est
754 1218 796 1286 ab
816 1241 857 1283 re
877 1232 989 1309 atque
1012 1229 1200 1318 videndum,

152 1349 320 1414 quaenam
342 1324 522 1412 parabolae
541 1334 654 1412 pantes
675 1346 754 1391 cum
774 1321 837 1387 hac
852 1325 1136 1401 similitudinem
1149 1338 1199 1403 lu·

27 1430 32 1441 ,
151 1428 255 1517 beant
270 1425 486 1515 perspicuam
500 1437 535 1492 ει
547 1425 586 1490 in
594 1437 735 1509 promtu
743 1423 898 1514 positam,
923 1441 1041 1516 atque
1056 1436 1122 1503 hae
1134 1453 1195 1507 tan·

59 1534 67 1547 “
133 1520 438 1599 'umnecessariae
450 1539 531 1593 sunt
541 1528 752 1617 judicandae,
762 1538 907 1607 ceterae,
917 1529 963 1597 in
975 1536 1103 1619 quibos
1112 1544 1199 1611 dmi.

152 1631 264 1699 litudo
282 1655 353 1699 non
373 1632 446 1719 ipsa
462 1644 526 1719 pet·
549 1654 585 1696 se
608 1632 716 1711 lucet,
734 1653 802 1718 pro
814 1637 1019 1703 accessoriis
1037 1640 1198 1711 habendae

154 1746 259 1821 atque
277 1730 421 1822 proinde
442 1731 479 1798 iu
501 1734 778 1821 interpretatione
799 1729 841 1794 ad
863 1734 1048 1807 notionem
1057 1755 1192 1829 genera..

153 1835 224 1907 lem
245 1832 620 1920 aliquam-reserandae.
663 1836 716 1901 lta
736 1853 823 1920 quae
843 1831 880 1896 in
903 1841 1066 1922 parabola
1079 1841 1116 1906 de
1126 1843 1183 1909 bo·

156 1935 251 2005 utine
271 1935 376 2001 divite
400 1933 442 2000 de
462 1960 616 2026 purpura
633 1947 733 2032 atque
757 1935 856 2021 bysso
877 1936 1068 2035 dicuntpr,
1091 1944 1189 2035 pert't-

150 2048 241 2125 pent
268 2036 312 2104 ad
341 2037 598 2128 descriptionem
627 2036 783 2106 luxuriae
811 2042 916 2124 atque
948 2044 1215 2136 prodigalitatis
1243 2090 1248 2101 .

159 2139 264 2230 Quod
284 2141 439 2207 Lanatus
460 2141 497 2207 in
512 2141 676 2207 vestibulo
691 2140 805 2207 divitis
820 2140 952 2212 cubans
967 2148 1098 2216 dicitur
1107 2151 1197 2217 micas

157 2244 277 2329 legisse
295 2243 339 2311 de'
358 2268 475 2312 mensa
490 2243 603 2310 divitis
618 2243 826 2323 decidentes,
848 2242 884 2309 id
900 2250 1003 2316 valet
1018 2254 1150 2329 nonnisi
1163 2254 1200 2321 ad

157 2346 391 2419 declarandam
404 2346 658 2413 mendicitatem
670 2358 706 2411 et
718 2366 796 2409 cum
812 2344 876 2408 hac
893 2353 1122 2440 conjunctam
1138 2358 1199 2424 fere

157 2449 267 2521 omnis
289 2446 421 2536 generis
440 2446 620 2515 miseriam.
648 2450 799 2535 Itemque
816 2450 907 2533 quod
931 2454 972 2519 in
987 2461 1154 2544 parabola
1163 2460 1199 2526 de

157 2550 238 2637 filio.
252 2549 397 2638 prodigo
415 2562 516 2639 pater
539 2549 633 2634 jubet
645 2549 771 2616 'adferri
783 2561 908 2614 vestem
920 2561 1119 2645 pretiosam
1132 2588 1202 2632 oum

100 2702 108 2721 ,
159 2652 340 2733 annulaet
361 2652 611 2726 calceamentis,
633 2652 676 2717 ad
695 2652 952 2719 nullumalium
971 2656 1088 2732 finem
1099 2668 1202 2734 refir-

156 2762 229 2833 tur,
256 2775 359 2840 quam
380 2752 429 2832 ad·
449 2753 703 2830 declarandam,
726 2756 1025 2842 quemadmodum
1048 2770 1199 2854 diximus,

155 2856 319 2925 laetitiam
333 2852 485 2945 parentis
500 2876 544 2920 ex
557 2854 628 2922 filio
642 2870 850 2943 recuperato,
864 2881 953 2945 quae
964 2873 1072 2952 omn-i
1085 2896 1204 2963 gener„¹
1241 2876 1249 2925 ‚⁴

156 2959 513 3044 liberalitatis-atque-
528 2958 796 3024 ·:lteneficientise
833 2983 906 3026 sese
948 2972 1197 3042 manifestabit·

156 3062 375 3152 Quapropter
400 3060 592 3144 nequeihis
621 3061 800 3151 parabolae
827 3062 985 3152 pastibus
1010 3079 1202 3161 quaerenda
1246 3098 1249 3157 ;

156 3162 408 3230 estsimilitudo
433 3159 471 3225 in
490 3164 531 3225 re
553 3161 644 3250 ipsa,
668 3187 779 3250 neque
789 3166 1103 3262 interrogandum,
1124 3178 1201 3271 φφ
1247 3180 1249 3243 ÷

153 3264 232 3356 pais
247 3261 562 3332 futuraefelicitotis
576 3270 678 3350 vesti,
701 3270 936 3354 quaeannulo,
960 3296 1058 3359 quae
1069 3284 1202 3349 calm.

154 3367 505 3458 mentisrespondeat
530 3368 824 3435 Omniumautem
836 3372 1030 3458 pessimum
1048 3381 1199 3464 estillud,

154 3470 362 3541 statariae
379 3469 562 3561 parabolae
583 3484 696 3558 partes
718 3472 760 3536 id
778 3494 883 3570 unam
906 3477 1145 3569 eamdemque
1153 3482 1199 3551 rei

152 3574 307 3666 partein,
334 3574 792 3666 autcontra‚·relei·ui1tur,
817 3576 919 3661 ¹quod
943 3577 1198 3655 facitlaeusin-

152 3680 226 3766 gius
243 3674 412 3768 apostolos¹
433 3676 709 3765 primumcanes
728 3699 797 3741 esse
809 3676 922 3743 dicens
938 3684 1072 3753 Lazari
1086 3679 1201 3758 ulcera

150 3781 331 3868 lingentes,
354 3779 488 3845 eosdem
509 3780 626 3866 postea
638 3780 782 3872 angeles
796 3775 923 3846 faciens
934 3780 1194 3860 illiusanimam

43 3924 47 3931 .
149 3882 191 3948 in¹
200 3883 309 3950 sinum
318 3882 506 3951 Abrahami
517 3879 929 3971 depostantessfidemque
943 3883 1130 3963 hominem
1146 3894 1193 3961 di.

124 4041 126 4047 .
147 3986 254 4054 vitem
265 3986 381 4076 populi
394 3986 522 4057 Iudaici
535 3985 705 4073 principes
721 3995 945 4071 esseputans,
962 4003 997 4056 et
1010 4010 1131 4063 mom
1141 3998 1190 4065 (fi.

146 4087 225 4169 vitis
243 4087 354 4171 cultu's
377 4088 518 4203 lenaei
537 4085 787 4176 abrogatipnem
800 4087 1008 4177 significari,
1022 4098 1188 4182 ..andeste
