2708 4636
533 321 854 387 ...ὓὸ-...-

263 490 339 565 Una
362 495 447 555 salus
462 493 578 570 vietis,
601 496 721 555 nullam
735 516 861 579 sperare
876 501 1023 559 salutem..
1092 484 1094 489 ⁸

176 591 297 670 Hoc
270 623 300 662 ar
321 596 358 662 in
379 618 414 660 se
435 605 579 684 spectes,
600 617 670 659 non
690 594 771 663 feni
784 596 886 662 modo
901 622 1014 687 posse,
1037 599 1217 669 sedetiam

121 732 124 747 ε
176 702 276 770 valde
293 701 436 789 placere,
454 697 596 762 minime
608 719 670 783 ego
683 699 901 816 negaverim..
935 702 1046 788 Atque
1061 703 1220 811 plurimis

179 816 268 872 certe
284 795 377 866 omns
367 797 461 863 fere
470 811 627 886 tempore
641 799 689 865 ita
705 798 817 866 risum'
833 822 910 877 esse,
931 813 1024 892 patet
1039 826 1081 867 ex
1096 804 1220 888 magua·

178 905 339 973 similium
362 902 606 967 sententiarum
629 902 742 989 copia,
765 927 852 990 quae
872 905 1022 992 partim
1015 905 1159 971 aCerda
1174 906 1220 970 ad

177 1011 270 1078 hune
289 1008 418 1084 locum,
440 1003 566 1092 partim
583 1005 629 1069 -a'd
649 1006 766 1088 Velleji
786 1007 954 1072 Paterculi
976 1010 1012 1074 L.
1029 1009 1069 1074 ll·
1082 1031 1112 1072 c.
1128 1008 1160 1074 5.
1176 1009 1220 1074 ab

176 1109 377 1181 Ruhnkenio
392 1107 468 1174 viro
480 1107 664 1172 clarissimo
679 1107 871 1174 laudantur.
894 1111 967 1196 Ego
977 1120 1093 1175 autem
1106 1121 1147 1174 ut
1159 1123 1220 1175 oea'

177 1224 347 1293 tororum,
370 1209 435 1298 qni*
449 1211 540 1277 idem
562 1209 682 1275 iisdem
704 1233 793 1298 pene
816 1209 925 1275 verbis
948 1211 1125 1293 dixerunt,
1144 1213 1220 1277 for-

179 1328 268 1384 tasse
288 1311 460 1382 neminem
479 1311 745 1397 vituperandum
771 1311 979 1390 existimem,
1001 1315 1091 1379 haud
1106 1327 1220 1378 tamen

177 1433 299 1489 verear
316 1412 569 1501 reprehendere
592 1411 788 1497 Virgilium,
811 1422 845 1475 et
861 1434 928 1498 quo
952 1437 1067 1480 rernm
1081 1425 1224 1480 statuet

75 1526 77 1533 ’
178 1545 206 1605 a⁴
214 1539 362 1608 quonam
375 1513 503 1579 isthaec
521 1513 678 1609 dieantur
689 1536 823 1579 mecum
838 1516 1064 1581 considerans.
1086 1517 1221 1604 Nempe

179 1624 265 1691 haec
286 1628 338 1684 est
359 1615 493 1682 Aeneae
517 1614 626 1680 oratio
651 1612 686 1680 in
707 1615 886 1704 repentino
899 1617 1046 1682 hostium
1061 1621 1220 1699 tumultu,
1252 1698 1254 1705 γ

121 1795 123 1799 ⁴
178 1740 243 1815 per
264 1741 435 1787 summam
455 1716 705 1783 festinationem
724 1739 867 1806 parvam
889 1720 1051 1804 juvenum
1074 1738 1220 1784 manum

144 1818 149 1832 ⁵
180 1823 246 1896 sibi
260 1817 528 1910 adglomerantis,
551 1841 634 1906 quos
648 1821 690 1884 ad
704 1831 836 1886 certum
848 1822 989 1886 exitium
1007 1819 1112 1884 ituros
1128 1820 1217 1885 hor.-

96 1968 101 1988 .
145 1938 151 1953 ’
177 1914 287 2006 tatur,
309 1946 372 1989 nec
394 1921 523 2015 patriae
544 1943 606 1985 nec
625 1919 687 1986 sibi
702 1921 814 1988 ullam
839 1924 979 1988 salntem
994 1935 1165 2010 sperantes
1178 1923 1217 1987 in

87 3956 94 3981 l

177 2023 292 2100 media
304 2025 451 2093 hostium
457 2042 555 2088 arma
570 2045 674 2090 ruere
686 2036 785 2110 atque
799 2025 970 2090 servitutis
984 2025 1125 2089 dedecus
1134 2026 1217 2112 pul*

178 2133 261 2204 chre
280 2140 396 2227 morte·
415 2126 554 2191 evitaret
591 2125 740 2196 Fortiter
755 2139 791 2192 et
803 2126 944 2191 viriliter
958 2122 1094 2206 omnia,=
1116 2127 1219 2207 modo

177 2234 304 2302 isthoc·
318 2228 544 2320 epiphonema
573 2228 723 2309 abesset,
762 2228 849 2295 mihi
871 2239 962 2293 certe
981 2229 1219 2316 intempestivo

99 2370 102 2375 ·
176 2335 336 2406 acumine
362 2333 499 2419 frigens·
542 2330 630 2397 Nam
651 2328 805 2417 profecto
832 2354 874 2396 eo.
893 2331 1058 2418 temporis
1081 2342 1220 2419 puncto,
1267 2354 1270 2359 ·

177 2461 247 2526 quo
262 2437 508 2504 oonolamatum
522 2445 573 2498 est
587 2444 769 2518 actumque
784 2433 826 2496 de
842 2433 968 2521 patria,
990 2432 1027 2497 in
1044 2431 1220 2498 fortissimi
1255 2452 1259 2459 ·

178 2541 282 2604 etiam
303 2535 406 2600 ¹ducis
429 2537 472 2601 ad
486 2533 680 2601 morituros
707 2535 833 2600 milites
855 2535 1006 2600 oratione
1024 2548 1220 2623 oxymoron

177 2638 314 2727 aliquod
332 2659 446 2714 nemo,
458 2648 497 2702 ut
511 2634 640 2724 opinor,
665 2649 844 2724 exspectat»
900 2661 906 2672 ·

220 2784 224 2795 ,
265 2738 351 2813 satis
380 2741 536 2806 videmur
563 2738 657 2802 nobis
684 2739 876 2829 exposuisse
900 2740 944 2805 de
960 2740 1119 2804 falsorum
1144 2741 1219 2806 elo·

175 2844 337 2935 quentiae·
356 2840 525 2907 luminum
550 2839 672 2905 caussis
690 2854 731 2906 et·
745 2853 877 2907 natura.
920 2844 973 2911 De
995 2842 1083 2907 veris
1099 2855 1219 2912 autem

175 2949 294 3013 eadem
308 2966 409 3032 opera
422 2967 440 3006 a
456 2941 552 3006 nobis
570 2955 618 3008 est
632 2942 782 3008 dictum:
804 2943 966 3029 quoniam
981 2967 1082 3010 omne
1098 2948 1219 3011 lumen

175 3049 217 3114 iis
244 3069 360 3113 carens
392 3044 485 3110 vitiis
504 3065 591 3128 quae
611 3047 907 3125 enumeravimus,
938 3069 977 3109 eo
997 3046 1070 3131 ipso
1093 3064 1217 3112 verum

175 3173 250 3216 esse
271 3147 474 3215 censendum
498 3156 559 3210 est.
603 3150 719 3234 Itaque
740 3161 894 3234 superest
905 3147 1058 3217 tandem
1081 3161 1118 3213 ut
1131 3149 1216 3240 bre·

79 3300 82 3309 ,
174 3252 266 3320 viter
289 3249 504 3314 ostendamus
526 3261 613 3313 artes
633 3249 720 3328 illas,
743 3239 865 3334 quibus
885 3250 991 3315 omnis
1013 3250 1050 3313 in
1073 3250 1137 3314 hoc
1152 3271 1216 3334 ge-

174 3376 258 3424 nere
274 3350 392 3436 judicii
406 3351 611 3439 perversitas
625 3353 751 3437 optime
765 3352 878 3417 caveri
891 3375 988 3440 posse
1001 3352 1169 3416 videatur.

261 3454 435 3543 Quoniam
461 3464 574 3518 autem
600 3475 701 3517 omne
721 3455 852 3519 malum
876 3464 1092 3517 antevertere
1111 3476 1215 3539 quam

174 3558 294 3625 tollere
313 3556 422 3620 multo
438 3565 599 3642 praestat,
621 3556 820 3643 saepiusque
832 3580 907 3620 sera
922 3556 1022 3619 nimis
1038 3556 1215 3622 invetera-

172 3666 288 3724 torum
304 3646 387 3725 ¹cura
411 3671 479 3738 est,
502 3654 580 3724 ante
603 3657 716 3722 omnia
742 3657 921 3731 dicendum
945 3655 1024 3735 erit,
1047 3680 1215 3745 quaenam

172 3780 244 3826 non
263 3759 491 3849 praeceptoris
503 3765 663 3841 ‚tantum
698 3783 820 3826 verum
844 3758 946 3822 etiam
968 3773 1151 3845 parentum
1174 3759 1215 3826 in

172 3860 236 3927 hoo
266 3865 397 3947 negotio
420 3862 488 3927 sint
509 3873 638 3951 partes,
664 3863 733 3954 jam
756 3863 982 3946 illotempore
1004 3862 1132 3943 queis,
1157 3862 1214 3927 oui

169 3964 360 4030 consultum
375 3964 542 4045 volumus,
555 3964 627 4051 ipse
647 3966 711 4031 sibi
724 3963 919 4053 prospicere
934 3962 1074 4029 minime
1090 3963 1211 4050 possit.-

167 4065 282 4154 Atque
314 4087 375 4134 nos
397 4065 533 4154 quidem
553 4090 629 4136 rem
650 4069 740 4138 ultra
760 4066 954 4133 litterarum
973 4068 1211 4141 rudimentur
