2708 4636
377 322 380 331 ·
496 303 584 337 ιιι-ι·
616 250 689 343 ¹'120
730 300 817 325 ⁸-

128 450 279 521 Vela
282 452 375 526 dedic
395 441 483 515 nihil
495 461 544 508 est
558 458 631 506 toto
646 440 735 527 quod
749 456 871 534 perstet
882 442 919 507 ln
931 443 1028 574 orbes

80 622 85 633 .
186 545 314 609 Cuncta
335 534 459 610 fluunt,
487 545 608 614 etq,‚s
1010 587 1016 593 ‚
1091 566 1098 575 .

143 685 280 781 Quibus
310 675 528 760 immutatis,
545 672 775 771 pulchentma
803 673 1045 769 coagmentatio
1064 674 1189 779 ιιοὲιιιο

145 787 310 883 periisset·
600 859 607 869 ,

198 900 300 978 Sed
315 898 379 982 fao,
400 898 498 986 ejus'
487 896 659 987 mgenimn
673 897 722 982 iis,
746 864 832 983 quae
844 892 940 966 nobis
955 888 1053 967 fere
1044 897 1188 987 insocia-

147 974 229 1083 bilia
244 1005 419 1083 videntur,
440 998 665 1111 'qualicunque
683 996 822 1069 tandem
836 1011 907 1067 arte
924 1001 1098 1069 nectendis
1111 982 1190 1089 sui-
1231 1021 1233 1029 ’

148 1110 282 1190 fecisse,
302 1104 400 1173 vel
373 1127 421 1172 nc
436 1114 550 1176 tamen
565 1106 673 1184 eum,
683 1120 789 1189 quem
785 1090 930 1168 secutus
943 1113 1010 1184 est,
1032 1076 1188 1177 ordinem

35 1258 42 1281 .
148 1214 249 1300 lunge
266 1219 440 1301 praestare
460 1204 690 1285 defendemus
739 1204 869 1292 Nempe
889 1203 1092 1294 Pythagoras
1116 1207 1190 1273 ani-

150 1316 253 1388 malia
267 1311 381 1383 necari
396 1310 587 1399 mensisque
602 1306 734 1401 imponi
747 1328 897 1401 arguens,
918 1330 989 1375 nou
1002 1332 1071 1377 nna
1083 1310 1191 1379 utitur

151 1416 292 1491 ratione.
336 1411 488 1481 Primum
510 1408 647 1499 quidem
666 1411 759 1478 illam
782 1409 1055 1499 consuetudinem
1077 1423 1118 1476 ut
1134 1408 1193 1479 fe«

153 1543 229 1593 ram
258 1534 446 1606 parumque
471 1502 609 1601 dignam
636 1513 780 1586 hominis
808 1522 932 1579 natura
956 1502 1196 1611 reprehendite

155 1618 276 1693 deinde
296 1639 380 1683 vero
403 1612 570 1703 diversas,
592 1640 678 1702 qnae
700 1639 744 1687 ex
763 1613 960 1705 pecudibus
968 1618 1197 1703 sarmentisque

155 1720 403 1819 percipiuntur,
424 1717 610 1832 exprubiat
624 1716 795 1797 utilitates.
817 1729 987 1832 postremo
1002 1717 1096 1785 addit
1111 1740 1196 1807 grae

156 1849 216 1894 ves
230 1847 274 1889 ex
290 1821 483 1889 animorum
499 1816 537 1889 iu
549 1796 657 1885 ferina
670 1842 812 1913 corpora
823 1816 1023 1906 migratione
1039 1831 1198 1899 terrores,

160 1923 286 1995 Omnia
301 1919 437 2008 quidem
459 1919 638 2013 gradatim,
661 1933 698 1986 ut
710 1920 821 2036 primo
841 1935 1012 1997 momento
1025 1918 1198 2036 perculsus⁸

161 2035 357 2120 prosternat
373 2033 602 2139 postiemum
607 2032 641 2086 ct
639 2020 895 2140 gravissimum
923 2023 1066 2119 pondus.¹
1107 2021 1198 2088 At
1170 2042 1202 2093 tt
1233 2060 1237 2069 ·

161 2128 251 2199 idem
275 2148 371 2193 orsus
393 2134 476 2191 esset
489 2146 509 2195 a
524 2120 731 2213 novissimis,
753 2136 962 2221 quantopere
981 2124 1129 2221 postilla
1142 2145 1203 2192 ce
1214 2197 1218 2203 .

160 2245 236 2303 ura
251 2227 365 2298 omnia
376 2224 616 2317 languescit!

178 2354 182 2365 ⁸
246 2366 421 2451 Denique,
442 2363 554 2431 sinon
570 2365 672 2432 modo
691 2367 814 2434 harum
824 2365 915 2434 inter
929 2336 965 2433 se
978 2367 1127 2456 partium
1145 2379 1212 2434 rad,

162 2471 310 2547 tionem,
331 2466 388 2532 sed
406 2466 565 2551 cujusque
581 2466 687 2535 ‚etiam
711 2492 772 2557 per
784 2493 820 2535 se
832 2481 989 2536 naturam
1002 2483 1206 2556 spectemus,

164 2572 248 2641 item
270 2568 335 2635 hoc
363 2569 578 2656 reperiemus.
589 2568 843 2652 confirmatum,
875 2594 951 2638 eum
973 2571 1146 2652 ordinem,
1167 2584 1210 2644 ut

166 2670 316 2742 maxime
329 2671 531 2753 naturalem,
543 2671 589 2735 ita
603 2672 771 2759 optimum
785 2671 899 2739 fuisse.
931 2668 1017 2739 lllud
1033 2672 1123 2737 enim
1139 2672 1208 2737 du·

166 2774 262 2843 bium
275 2771 378 2847 habet
390 2770 536 2852 nultum,
547 2769 629 2859 quin
642 2775 742 2859 poe'te
754 2775 910 2860 dogmata
925 2774 1090 2860 quaedam
1105 2787 1212 2861 atque

166 2887 347 2970 praecepta
358 2871 589 2963 'philosophica
606 2874 827 2962 expositurus,
849 2876 892 2940 ab
904 2875 967 2942 illis
982 2876 1133 2942 maxime
1147 2876 1211 2941 de·

169 2980 281 3049 buerit
299 2978 463 3065 inoipere,
495 2998 582 3062 quae
602 2989 761 3043 ornatum
781 2979 951 3066 politicum
970 2980 1085 3044 minus
1107 3000 1213 3065 quan

171 3089 535 3160 caeterarecusarent,
556 3099 600 3143 ne
612 3078 769 3145 videlicet
782 3080 876 3145 arida
896 3091 998 3165 atquo
1010 3081 1090 3146 exili
1101 3081 1213 3147 subti-

173 3180 267 3254 litate
285 3181 416 3269 legendi
438 3180 542 3247 ardor
562 3180 673 3248 subito
693 3184 970 3268 restingueretur.
1011 3184 1063 3250 Ab
1084 3183 1134 3249 his
1146 3204 1214 3249 ιιιι.1

173 3298 242 3353 tem
262 3307 324 3373 per
345 3281 500 3370 proxima
522 3284 658 3368 quaevis
678 3287 814 3350 tandem
830 3286 872 3350 ad
893 3285 1046 3352 abstrusa
1059 3287 1213 3356 etiamet

176 3387 313 3477 spinosa
328 3384 367 3450 iit
388 3396 482 3451 recta
503 3386 710 3472 progressio,
729 3410 841 3476 neque
862 3400 991 3455 contra.
1034 3390 1120 3455 Eam
1133 3411 1221 3455 vero

179 3493 288 3578 legem
306 3487 478 3577 praeclare
502 3486 610 3555 tenuit
621 3489 785 3572 Ovidius,
807 3491 867 3577 qni
886 3493 1036 3580 primum
1050 3490 1218 3561 illumlo÷

178 3617 258 3660 cum
281 3603 315 3657 et
333 3593 413 3657 satis
433 3590 638 3679 speciosum,
659 3603 694 3657 et
712 3592 870 3657 novitatis
891 3592 1219 3660 commendationem

180 3695 361 3762 habentem
385 3680 640 3772 exornauitita,
661 3703 700 3756 ut
713 3693 895 3780 legentium
907 3695 1016 3762 studia
1033 3694 1220 3761 vehemen-

183 3807 236 3862 ter
251 3817 388 3871 aeoensa
402 3795 529 3877 semel,
546 3815 616 3860 non
637 3794 739 3862 modo
759 3794 939 3882 cognatum
957 3797 1008 3862 illi
1032 3798 1075 3862 de
1087 3798 1222 3862 animo-

182 3919 260 3962 rum
284 3894 484 3981 migratione
504 3906 740 3989 argumentum
760 3896 918 3965 facillime
940 3898 1132 3989 perferant,
1162 3894 1223 3963 sed

183 4020 228 4070 ue
246 3997 360 4088 jejumo
377 3997 517 4088 quidem
535 3996 656 4087 inacte
670 3999 713 4070 do
733 3999 976 4075 elementorum
993 3999 1222 4072 vicissitudine
