2708 4636
499 284 819 369 4252-

20 496 37 524 ι
146 490 253 550 „nere
270 479 393 557 potest,
413 488 518 553 quam
532 468 668 550 nequis
682 465 843 533 detrectet
855 467 992 544 bibere,
1014 490 1085 556 per
1098 484 1200 541 αιιιιη·

78 566 85 576 ’
146 595 242 654 „sam
268 573 438 651 satietatis,
462 582 501 634 ut
520 569 570 634 fit
613 570 799 635 Enimvero
811 570 840 632 si
857 570 942 633 nibil
955 566 1050 635 aliud
1063 570 1104 635 in
1119 586 1197 637 sau-

146 672 271 758 „guine
292 671 417 738 Christi
442 671 699 757 intelligendum
726 684 800 736 erat
815 692 917 754 quam
932 669 1044 756 figura
1058 673 1200 759 sanguia

147 775 224 856 „uis
237 796 301 861 per
315 786 463 841 mortem
477 770 644 840 fundendi
659 788 693 835 et
702 773 855 859 cogitatio
872 773 1089 840 imminentis
1103 797 1200 840 mor..

148 876 235 959 „tis,
262 898 334 943 non
362 877 543 942 tollebatur
564 874 736 939 excusatio
758 874 1054 962 praetermittendi
1072 879 1200 943 calicisi
1228 870 1231 875 ’

151 976 301 1066 „quippe
331 1001 371 1043 aa
398 979 554 1065 cogitatio
577 987 617 1040 et
644 989 723 1042 aute
748 977 860 1041 oblata
888 988 964 1042 erat
983 978 1201 1045 sermonibus

151 1080 300 1163 „Christi
325 1094 360 1146 et
379 1093 515 1169 poterat
531 1079 604 1145 sine
618 1090 704 1166 potu
719 1079 788 1143 viui
804 1079 971 1167 usurpari.
984 1082 1005 1116 “
1030 1079 1200 1164 Equidem

151 1193 193 1247 ut
220 1206 340 1249 verum
366 1182 491 1263 fatear,
534 1180 619 1246 mibi
644 1182 717 1246 talis
738 1204 854 1247 caussa
875 1171 989 1266 neque
1011 1186 1201 1250 necessaria

152 1283 294 1353 omuino
311 1300 344 1348 et
357 1284 512 1349 omnium
526 1281 668 1347 minime
687 1295 765 1369 apta
774 1283 906 1349 videtui
917 1283 1028 1376 fuisse
1044 1286 1087 1350 ad
1103 1287 1201 1354 disci

152 1387 251 1475 pulos
263 1388 304 1451 ad
321 1385 503 1451 bibendum
518 1382 721 1450 invitandos
751 1386 862 1467 Atque
877 1385 988 1471 multo
1002 1388 1116 1472 magis
1128 1389 1200 1454 fue-

5 1572 19 1592 *
79 1529 83 1533 -
151 1484 211 1563 rit,
237 1497 278 1550 ut
292 1487 368 1569 quis
382 1474 546 1575 poculun‘a
566 1509 636 1550 ιιοιι
647 1489 786 1552 satiatus
800 1498 948 1565 recuset,
972 1508 1068 1571 quo
1064 1479 1135 1553 nois
1148 1488 1201 1552 vi-

152 1610 240 1654 num
253 1589 311 1654 sed
326 1589 523 1674 sanguinem
537 1589 717 1678 propinem
707 1587 896 1668 ⁸·,audie1it
917 1589 974 1650 vei
992 1591 1200 1679 propterfa·
1229 1581 1231 1587 ’

154 1689 293 1761 atidium
316 1693 372 1757 vel
391 1702 530 1778 propter
552 1691 602 1756 rei
628 1691 854 1756 atrocitatem.
883 1690 1032 1755 Contra
1045 1692 1196 1758 iniimus-

155 1812 222 1857 nus
248 1795 308 1874 ait,
332 1793 392 1879 qui
412 1793 567 1876 quamvis
586 1793 727 1858 satiatus
750 1792 867 1855 bibere
892 1791 1077 1889 detrectet,
1093 1813 1188 1877 quum

158 1894 260 1959 amici
279 1906 340 1960 aut
360 1893 506 1988 hominis
528 1882 616 1958 bene
640 1895 691 1958 de
698 1916 734 1959 se
751 1893 865 1959 meriti
880 1895 1031 1958 salutem
1049 1895 1192 1985 propina

156 1995 262 2062 veris.
308 1995 448 2085 Quanto
476 1997 599 2084 justior
628 2017 746 2061 caussa
769 1994 938 2081 discipulis
969 1996 1105 2062 Christi
1122 1987 1229 2078 erut,¹

158 2096 266 2164 divini
274 2099 427 2184 magistri
439 2111 473 2164 et
483 2099 668 2187 praesentis
680 2111 713 2163 et
727 2099 841 2164 adhoc
849 2096 999 2164 officium
1018 2099 1114 2165 ultro
1127 2122 1206 2188 pro·
1227 2106 1229 2111 '

159 2205 312 2269 vocantis
332 2204 532 2269 memoriam
553 2203 617 2270 hoc
639 2202 708 2267 ritu
728 2203 878 2290 primum
898 2199 1117 2265 celebrandi!
1140 2201 1205 2269 Hoc

157 2302 264 2390 igitur
285 2306 425 2371 illorum
448 2327 653 2390 quemquam
670 2326 826 2369 recusare
838 2301 989 2390 potuisse
1004 2326 1053 2366 nc
1065 2305 1207 2393 eogitari
1231 2301 1234 2305 ’

154 2407 297 2493 ,quidem
321 2411 392 2472 aine
408 2429 529 2493 magna
544 2428 661 2487 eorum
678 2406 803 2491 injuria
819 2404 908 2470 licet.

248 2504 315 2575 Sed
333 2508 473 2573 fortasse
490 2508 565 2593 quis
584 2505 737 2590 objiciat:
760 2508 855 2589 „Cur
877 2508 980 2592 igitur
993 2508 1165 2590 Christus,
1184 2507 1209 2575 si
1244 2558 1246 2568 ι

156 2608 274 2693 ··„nihil
291 2611 358 2679 nisi
379 2610 443 2674 hoo
464 2609 576 2674 dicere
594 2611 721 2691 voluit,
742 2633 810 2676 ιιοιι
834 2608 972 2696 proprio
995 2611 1116 2697 potius
1135 2634 1211 2679 usus

161 2709 252 2792 „fuit
264 2733 440 2794 sermone,
452 2711 488 2777 id
500 2711 612 2800 ipsum
627 2711 757 2780 dicens:
778 2710 857 2777 Hoc
871 2710 1056 2803 significat
1073 2739 1209 2805 corpses,

160 2814 250 2896 „vel,
260 2813 354 2881 vebia
366 2828 438 2881 esto
453 2815 593 2907 aigraim
605 2818 757 2906 eorporis
773 2828 875 2904 atque
888 2817 1075 2904 sanguinis
1089 2821 1210 2889 viteid<
1232 2824 1235 2829 '

56 2971 67 2993 ,
161 2916 210 2988 At
230 2918 380 3007 profecto
399 2919 501 2985 nimis
522 2921 674 2986 curiosus
701 2919 814 2997 fuerit,
836 2919 892 3004 qui
911 2920 977 2984 hoc
992 2924 1210 3005 quaesiverit.

161 3021 236 3106 Ego
249 3035 362 3087 autem
376 3020 522 3089 vicissim
535 3014 709 3108 quaeram,
727 3021 1091 3093 ourChristusJoann.
1106 3024 1209 3105 XIX,

161 3120 207 3188 26
226 3143 295 3210 seq.
315 3123 357 3187 ad
377 3125 525 3191 Mariam
545 3125 604 3209 iiia
623 3123 754 3188 dicensi
798 3123 903 3201 maa,
925 3124 995 3193 c'dod
1019 3129 1040 3194 o‘
1059 3128 1216 3217 va‘depiu

160 3223 315 3313 itemque
335 3226 378 3291 ad
391 3227 575 3295 ioannem:
606 3223 686 3297 ’Idori
707 3221 844 3311 η’μήιηρ
859 3254 934 3309 soe,
957 3251 1030 3294 non
1049 3232 1215 3301 maluerit

163 3327 215 3391 uti
226 3349 384 3392 sermone
397 3329 548 3416 proprio.
579 3328 749 3396 Nimirum
765 3329 849 3394 haec
861 3352 997 3417 qnoque
1014 3333 1127 3398 verba
1140 3335 1221 3453 ipso'
1239 3338 1243 3343 ’

99 3456 103 3462 ’
162 3429 336 3512 moriendi
364 3440 517 3519 tempore
545 3455 567 3496 a
591 3429 732 3497 Christo
750 3433 882 3518 prolata
902 3446 1119 3522 postremam
1144 3439 1216 3522 ejus

48 3614 50 3618 ι
160 3535 378 3601 voluntatem
393 3533 638 3621 significabant,
660 3532 812 3623 adeoque
825 3535 928 3601 etiam
943 3536 1096 3621 quodam
1112 3542 1217 3607 modo

135 3635 414 3713 testamentaria
435 3653 564 3700 censen
555 3634 719 3722 ⁸debent.
748 3659 851 3702 nemo
863 3646 979 3701 tamen
991 3662 1099 3704 sanus
1114 3626 1218 3709 dubi
1236 3622 1242 3647 ³

161 3747 224 3817 rar,
238 3739 320 3825 quin
336 3737 427 3804 haud
441 3737 581 3827 proprie
594 3738 662 3803 sint
676 3738 880 3826 accipienda.
923 3740 1036 3805 Nam
1024 3764 1117 3828 inps·
1118 3757 1218 3815 omtu
1239 3734 1243 3741 ’

161 3849 214 3905 est
227 3862 344 3905 verum
364 3864 501 3909 sensum
524 3841 618 3908 huno
642 3864 728 3907 esser
755 3843 854 3938 Ego,
877 3866 957 3907 mea
974 3855 1115 3922 mater,
1137 3847 1222 3915 colo

160 3952 197 4008 ie
209 3939 420 4029 discipulam
432 3930 522 4010 mist
531 3956 615 4010 unta
629 3969 653 4009 a
654 3946 720 4010 lica
734 3945 902 4010 dilectum
914 3942 995 4032 fid'
968 3970 995 4008 ιι
1009 3947 1089 4010 loco
1104 3949 1219 4014 habes

14 4122 42 4154 ἡ,
160 4064 221 4132 2¹05
256 4042 419 4142 tuipse,
451 4024 624 4138 Joubnes,
660 4060 811 4123 mtrem
824 4050 1010 4147 tamquam
1022 4063 1219 4146 parentem
