2708 4636
514 319 834 389 ...aa-

1007 418 1033 453 l

154 505 239 597 quid
257 503 352 571 inter.
370 517 510 566 servum
533 493 679 561 aliorum
705 491 914 561 imitatorem
935 508 1101 584 eumque,
1143 496 1206 589 qui

154 634 233 683 oum
250 603 382 698 optimo
397 621 535 689 quoque
555 596 691 665 eoadem
705 597 778 663 veri
790 597 988 686 pulchrique
1001 591 1101 666 adeat
1119 597 1205 666 fon-

154 729 216 798 tes,
230 722 334 796 atque
348 726 454 770 unam
466 700 608 769 omnino
621 721 692 766 esee
705 700 748 764 ad
761 723 879 766 veram
894 713 1094 789 certamque,
1102 705 1206 792 inge-

154 816 204 886 nii
217 809 357 881 laudem
371 807 479 888 viam,
500 819 715 870 summorum
738 802 849 867 omnis
862 805 978 870 aetatis
992 805 1205 894 scriptorum

156 916 304 1006 vestigiis
326 909 460 990 tritam,
484 916 554 972 no'u
572 902 622 971 illi
642 926 706 993 per
725 903 806 970 avia
824 903 1000 991 flexusque
1020 907 1086 972 hoc
1105 921 1205 997 petes

50 1036 53 1041 ’
154 1028 244 1095 mg
257 1014 349 1106 quod
362 1011 398 1099 iu
412 1019 578 1098 promptu
591 1007 752 1097 positum,
761 1028 832 1093 quo
845 1009 952 1093 magis
962 1009 999 1074 iu
1010 1009 1132 1077 itinere
1146 1013 1204 1078 in·-

151 1126 271 1195 etit'uto
292 1114 500 1209 procedunt,
529 1133 570 1176 eo
590 1112 722 1198 longius
743 1121 876 1198 poetae
896 1113 1105 1198 relinquunt.
1150 1119 1202 1185 Ea

151 1229 422 1308 feresscorruptae
441 1216 498 1281 vel
516 1213 553 1278 in
566 1212 702 1302 populis
724 1214 781 1278 vel
793 1212 829 1278 in
848 1213 987 1298 singulis
1006 1217 1202 1286 hominibus

150 1315 365 1416 eloquentiae
388 1330 468 1386 sunt
488 1315 604 1382 initia:
636 1315 718 1380 dum
741 1326 898 1383 veterum
924 1322 1087 1407 pertaesi,
1109 1341 1201 1390 nova

138 1419 338 1521 expetunt,
358 1422 509 1492 minime
527 1418 664 1508 quidem
683 1418 926 1506 intelligentes,
948 1424 985 1488 in
1007 1424 1201 1509 eloquentia

149 1549 262 1623 neque
278 1541 392 1595 vetera
409 1548 478 1590 ease
491 1546 603 1610 neque
617 1521 683 1588 alia
694 1544 798 1606 nova,
812 1547 1006 1613 verumque
1018 1539 1053 1591 et
1066 1541 1202 1597 rectum

150 1630 334 1725 elegantiae
346 1642 449 1717 atque
464 1625 726 1716 pulchritudinis
736 1625 847 1691 omnis
859 1628 1023 1714 judicium
1038 1631 1202 1716 antiqua.

148 1741 183 1811 n·
194 1762 265 1806 non
276 1756 384 1826 posse.
427 1728 560 1798 Horum
578 1729 686 1815 igitur
700 1727 839 1814 vestigia
858 1741 1013 1796 nostrum
1033 1745 1198 1820 terreant,

151 1865 234 1919 cum
255 1836 401 1917 viderit,
423 1833 647 1931 temporariae
667 1831 847 1917 eujusdam
867 1833 1024 1916 gloriolae
1041 1835 1196 1908 fructum

146 1943 292 2014 sanioris
310 1936 517 2032 posteritatis
538 1934 749 2024 pensandum
764 1955 836 1997 esse
846 1948 1030 2005 contemtu.

119 2074 122 2079 ·
218 2037 312 2136 ¹lpse
323 2054 441 2121 autem
453 2061 526 2106 sese
538 2037 681 2104 minime
692 2037 852 2103 metiatur
866 2039 1006 2108 illorum
1021 2058 1201 2130 compara-
1225 2055 1228 2066 '

35 2188 41 2203 .
149 2150 261 2233 tione,
279 2167 368 2234 quoe
384 2156 420 2210 et
441 2139 714 2230 frequentissime
734 2140 798 2228 legi
812 2154 849 2206 et
863 2167 885 2208 a
905 2146 1062 2233 plurimis
1076 2152 1202 2240 suspici

148 2252 372 2336 omniumque
391 2266 551 2313 sermone
574 2241 738 2310 celebrari
763 2244 949 2331 audiverit—9
979 2249 1061 2335 quin
1084 2256 1199 2340 potius

147 2375 230 2419 oum
244 2352 308 2418 illis
322 2373 392 2417 sose
407 2349 553 2436 gaudeat
568 2343 745 2427 conferre,
767 2346 890 2432 quibus
910 2351 1021 2418 omnis
1035 2357 1200 2444 sapientia

147 2455 368 2538 doctrinaque
380 2451 506 2518 cultior
526 2459 621 2513 aetas
640 2469 703 2534 per
719 2459 771 2512 tot
792 2455 924 2518 saecula
943 2453 979 2520 in
1000 2455 1052 2521 his
1072 2458 1199 2527 litteris

146 2555 271 2621 detulit
287 2553 528 2642 principatum.
572 2549 662 2617 Cum
675 2550 728 2615 his
747 2553 853 2638 magis
873 2555 937 2620 sibi
951 2547 1052 2626 ducat
1066 2564 1198 2648 glorio.

32 2716 33 2721 ,
57 2718 58 2723 ,
148 2679 227 2724 aum
238 2653 428 2736 contemni,
449 2675 553 2740 quam
565 2672 645 2720 'oum
666 2652 737 2718 aliis
749 2654 899 2738 laudari,
920 2672 1023 2749 atque
1036 2677 1199 2732 oonstan·

146 2771 201 2827 ter
215 2760 264 2826 ita
277 2760 340 2826 sibi
351 2757 557 2846 persuadeat,
570 2773 617 2841 ae,
633 2769 763 2844 quanto
777 2760 884 2847 magis
893 2762 935 2827 ab
948 2763 1072 2830 horum
1081 2791 1195 2834 recea-

146 2864 229 2956 ren't
240 2849 471 2947 rimilitudine,
490 2872 588 2928 tanto
601 2861 707 2950 magis
721 2885 742 2930 a
755 2881 836 2930 vera
850 2866 960 2954 gloria
973 2868 1107 2936 dismre.
