2708 4636
509 329 831 397 -·50,-·-1·-

321 400 327 429 t

122 526 129 533 ·
147 501 255 574 senius
269 510 361 572 certa
372 500 411 568 in
424 501 537 568 hostes
549 495 617 564 tela
630 477 769 566 misisse.
812 501 878 568 Cui
895 502 989 568 lubet
1004 506 1192 576 acclamare

111 627 114 634 '
145 608 231 680 illud
246 607 382 677 Ariostit

188 719 220 781 Π
233 735 334 798 pover
336 711 491 784 'huomo,
516 704 575 768 che
592 722 659 767 non
675 706 700 766 s’
703 728 742 766 en
757 727 809 768 era
825 725 966 786 accorto,

139 828 144 836 ·
192 800 327 864 Andavs
341 789 577 867 combattendo,
603 806 636 854 et
651 811 703 851 era
719 807 835 855 morto.
911 831 915 836 -

144 916 235 990 Huic
250 916 418 982 addamus
441 880 563 977 elibro
583 919 678 974 sexto
700 907 874 975 Scaevam.
912 912 979 998 Qui
993 923 1190 1002 postmulta

139 1020 280 1090 virtutis
301 1018 389 1085 edita
410 1013 589 1093 miracula,
610 1010 749 1076 tandem
770 1011 899 1098 abjecto
918 1029 1032 1094 scuto,
1054 1024 1188 1091 nudum
1226 1063 1229 1075 -

79 1155 81 1167 ·
137 1138 267 1216 *corpus
280 1119 430 1190 hostibus
448 1113 573 1202 objicit.
1148 1182 1153 1203 Ι

499 1217 693 1300 densamque
708 1199 843 1279 ferens
832 1240 867 1276 ιιι
881 1230 1014 1301 pectore
1028 1227 1142 1293 silvam

131 1322 262 1394 'hostile
272 1335 447 1415 praeterea
459 1320 564 1386 telum
582 1321 677 1385 oculo
690 1317 817 1402 recipit.
861 1319 941 1406 Quo
955 1320 1043 1391 sacto

131 1452 134 1457 ’
180 1452 241 1514 1111
258 1467 360 1509 moras
376 1443 465 1520 ferri,
489 1435 661 1502 nervorum
677 1453 709 1499 et
725 1439 856 1500 vincula
870 1443 1004 1525 rumpit,

129 1520 133 1530 ⁴
179 1531 328 1596 Adfixam
343 1532 465 1592 vellens
481 1529 574 1588 oculo
589 1522 752 1605 pendente
767 1526 914 1608 sagittam

60 1694 64 1709 Ι
130 1652 137 1672 ·-
179 1614 385 1711 Intrepidus,
409 1617 573 1694 telumque
588 1630 646 1670 suo
661 1632 732 1669 cum
746 1609 868 1672 lumine
889 1616 1003 1678 calcat.

48 1733 51 1748 ¹
135 1737 310 1805 Postremo
332 1732 537 1825 deditionem
558 1725 727 1805 simulans,
749 1729 876 1794 Aulum
900 1733 969 1814 ejus
989 1733 1174 1821 reeipiendi
1200 1790 1203 1797 .

101 1858 249 1904 ‘caussa
271 1835 487 1902 accedentem
506 1829 697 1913 obtruncat.
746 1829 836 1894 Haec
855 1830 973 1918 igitur,
1000 1858 1099 1922 rogo,
1128 1822 1174 1906 an
1255 1914 1258 1928 Ι

133 1941 242 2006 virtus
263 1936 334 2003 1111
364 1935 450 2002 Mihi
472 1932 609 2019 quidem
631 1953 711 1996 vero
735 1933 872 1999 nomine
898 1935 1005 2000 rabies
1033 1940 1175 2007 videtur
1254 1940 1256 1943 ’

132 2039 365 2130 adpellandaz·
363 2039 427 2105 ita
446 2037 538 2103 nihil
549 2036 650 2123 plane
669 2034 812 2122 geritur,
840 2037 930 2122 quod
949 2060 1016 2104 non
1039 2040 1083 2106 111
1097 2042 1174 2109 hel-

129 2145 187 2211 lua
199 2144 312 2233 potius
325 2162 431 2229 quam
440 2139 516 2204 viro
533 2134 685 2225 dignum.

116 2266 120 2273 '
177 2237 375 2332 Sequitur
390 2254 457 2310 tert
458 2240 502 2314 ia
444 2239 620 2308 11111111
634 2228 763 2340 epium,
787 2266 873 2330 quae
887 2269 906 2311 a
920 2245 1021 2311 rebus
1032 2236 1175 2319 minutis
1209 2274 1211 2281 ⁴

121 2319 320 2435 ¹justamque
344 2345 597 2411 admirationem
624 2334 751 2411 nullam
765 2348 966 2413 habentibus
980 2364 1059 2418 sunt
1072 2375 1176 2451 repe

114 2452 199 2519 1111.
244 2452 320 2545 Quo
338 2449 418 2514 vitio
442 2449 553 2514 neseio
574 2471 617 2511 an
634 2450 773 2515 nullum
784 2445 876 2514 ahud
889 2451 932 2515 sit
947 2441 1171 2570 elequentiae,

11 2623 16 2635 ,
64 2641 66 2646 s
126 2574 213 2642 qnae
231 2543 381 2634 dicimus,
403 2551 575 2616 luminum
595 2575 632 2616 vi
648 2565 746 2638 atque
758 2564 901 2615 naturae
913 2575 1018 2638 magis
1035 2563 1170 2623 contra
1242 2618 1245 2622 .

118 2644 227 2721 1·.ιίιιιιι
248 2657 357 2726 Cum
373 2652 464 2717 enim
469 2653 596 2718 lumen
611 2652 694 2719 nihil
708 2651 838 2718 dicatur
854 2655 921 2719 nisi
910 2658 1026 2742 quod
1042 2671 1169 2725 11111

121 2752 168 2825 ris
199 2749 360 2839 emineat,
405 2774 588 2842 eorumque
622 2768 810 2842 quaesunt
844 2758 996 2842 vulgaria
1023 2762 1168 2832 modum

108 2861 278 2939 excedat,
314 2857 475 2946 quidquid
502 2875 650 2946 parvum
679 2869 779 2944 atque
812 2859 973 2943 exiguum
992 2862 1030 2928 in
1050 2888 1085 2929 se
1105 2879 1167 2952 111,

107 2961 283 3049 'quoniam
308 2964 362 3027 vel
382 2962 490 3048 specie
505 2960 618 3047 magni
634 2967 733 3042 caret,
755 2961 892 3026 luminis
907 2981 1032 3028 nomen
1045 2988 1089 3029 ne
1102 2982 1167 3054 pet·

108 3078 272 3130 ‘errorem
287 3063 432 3151 ‘quidem
455 3062 517 3128 sibi
537 3063 670 3127 videtur
687 3084 784 3149 posse
805 3059 989 3129 vindicare.
1032 3066 1165 3135 Verum.

117 3168 294 3232 enimvero
325 3165 362 3229 in
384 3165 450 3229 hoc
469 3163 601 3250 negotio
616 3165 697 3230 illud
709 3166 865 3269 inprimis
880 3178 927 3231 est
944 3156 1164 3236 animadvers-

106 3258 265 3348 ⁸tendum,
281 3261 380 3337 aliam
395 3286 465 3332 esse
478 3283 593 3331 rerum
605 3268 755 3352 ipsarum
768 3262 1044 3356 magnitudinem,
1060 3271 1161 3340 aliam

103 3358 323 3437 ‘intentionis
345 3391 569 3460 operaeque
560 3392 580 3434 a
608 3382 709 3456 poeta
737 3372 835 3436 rebus
854 3373 1160 3443 adcommodatae·

75 3478 78 3483 ’
103 3468 241 3540 *Earum
263 3492 322 3577 qur
313 3464 488 3557 alteram
492 3493 571 3559 eum
589 3473 695 3536 alteia
710 3458 934 3557 confundunt,
952 3473 1084 3538 lumina
1098 3475 1159 3551 illa

109 3594 182 3641 esse
204 3585 341 3661 putant,
363 3592 451 3662 quae
471 3554 566 3638 nulla
588 3583 682 3655 sunt,
706 3595 745 3636 ea
766 3574 924 3640 videlicet
947 3575 1021 3662 ipsa
1034 3595 1159 3662 magna

40 3688 42 3704 '
108 3676 355 3756 existimantes,
388 3689 474 3762 quae
494 3680 615 3764 poetae
636 3676 674 3740 in
694 3675 807 3774 parvis
827 3676 1002 3741 ambitioso
1030 3697 1156 3763 magno

100 3779 337 3855 'constiterunt
391 3778 441 3856 Ita
464 3777 600 3865 quidem
621 3768 755 3865 vulgusi
806 3777 852 3844 At
878 3779 1055 3843 doctorum
1079 3776 1157 3842 cui-

98 3876 174 3971 'que
194 3883 345 3946 maxime
363 3881 478 3962 sordet
484 3877 669 3968 diligentia
693 3880 802 3943 omnis
826 3880 861 3944 in
876 3881 977 3946 rebus
989 3879 1152 3947 tenuibus

100 3982 221 4073 posita.
243 3990 361 4068 Inepta
375 3994 424 4046 est
440 3983 530 4049 enim
546 3982 674 4050 virium
694 3981 861 4063 contentio
877 3984 987 4068 major
1002 4003 1041 4048 eo
1058 3980 1151 4067 quud

100 4086 180 4154 inde
191 4082 353 4169 efficitur3
375 4107 438 4150 nec
452 4084 516 4158 nisi
529 4086 629 4165 1111111
642 4082 828 4173 quaeritun
849 4083 1013 4180 quidquid
1027 4102 1151 4173 reper-
