<?xml version="1.0" encoding="UTF-8"?>
<!DOCTYPE html PUBLIC "-//W3C//DTD XHTML 1.0 Transitional//EN"
    "http://www.w3.org/TR/xhtml1/DTD/xhtml1-transitional.dtd">
<html xmlns="http://www.w3.org/1999/xhtml" xml:lang="en" lang="en">
 <head>
  <title>
</title>
<meta http-equiv="Content-Type" content="text/html;charset=utf-8" />
  <meta name='ocr-system' content='tesseract 3.04.00' />
  <meta name='ocr-capabilities' content='ocr_page ocr_carea ocr_par ocr_line ocrx_word'/>
</head>
<body>
  <div class='ocr_page' id='page_1' title='image "./jojachottingeri00hottgoog_0187.png"; bbox 0 0 2708 4636; ppageno 0'>
   <div class='ocr_carea' id='block_1_1' title="bbox 564 293 887 367">
    <p class='ocr_par' dir='ltr' id='par_1_1' title="bbox 564 293 887 367">
     <span class='ocr_line' id='line_1_1' title="bbox 564 293 887 367; baseline 0.015 -4"><span class='ocrx_word' id='word_1_1' title='bbox 564 293 887 367; x_wconf 66' lang='lat'><strong>-146--·</strong></span> 
     </span>
    </p>
   </div>
   <div class='ocr_carea' id='block_1_2' title="bbox 173 465 1315 1182">
    <p class='ocr_par' dir='ltr' id='par_1_2' title="bbox 173 465 1315 1182">
     <span class='ocr_line' id='line_1_2' title="bbox 173 465 1257 562; baseline -0.009 -11.7"><span class='ocrx_word' id='word_1_2' title='bbox 173 495 308 562; x_wconf 83' lang='lat' dir='ltr'><strong>nens,</strong></span> <span class='ocrx_word' id='word_1_3' title='bbox 339 480 430 541; x_wconf 80' lang='lat' dir='ltr'><strong>certe</strong></span> <span class='ocrx_word' id='word_1_4' title='bbox 453 467 541 536; x_wconf 86' lang='lat' dir='ltr'><strong>nihil</strong></span> <span class='ocrx_word' id='word_1_5' title='bbox 561 465 655 539; x_wconf 81' lang='lat' dir='ltr'><strong>aliud</strong></span> <span class='ocrx_word' id='word_1_6' title='bbox 679 465 780 555; x_wconf 86' lang='lat' dir='ltr'><strong>fecit,</strong></span> <span class='ocrx_word' id='word_1_7' title='bbox 809 467 875 536; x_wconf 88' lang='lat' dir='ltr'><strong>nisi</strong></span> <span class='ocrx_word' id='word_1_8' title='bbox 898 467 989 557; x_wconf 88' lang='lat' dir='ltr'><strong>quod</strong></span> <span class='ocrx_word' id='word_1_9' title='bbox 1001 479 1137 559; x_wconf 83' lang='lat' dir='ltr'><strong>poetae</strong></span> <span class='ocrx_word' id='word_1_10' title='bbox 1138 473 1257 543; x_wconf 81' lang='lat' dir='ltr'><strong>eximii</strong></span> 
     </span>
     <span class='ocr_line' id='line_1_3' title="bbox 211 568 1315 670; baseline -0.011 -24"><span class='ocrx_word' id='word_1_11' title='bbox 211 584 437 670; x_wconf 80' lang='lat' dir='ltr'><strong>dignumesat</strong></span> <span class='ocrx_word' id='word_1_12' title='bbox 449 571 586 659; x_wconf 89' lang='lat' dir='ltr'><strong>judicio</strong></span> <span class='ocrx_word' id='word_1_13' title='bbox 696 642 700 651; x_wconf 60' lang='grc'>,</span> <span class='ocrx_word' id='word_1_14' title='bbox 1312 568 1315 573; x_wconf 86' lang='grc'><strong>’</strong></span> 
     </span>
     <span class='ocr_line' id='line_1_4' title="bbox 297 674 1261 764; baseline 0.005 -18"><span class='ocrx_word' id='word_1_15' title='bbox 297 682 335 750; x_wconf 86' lang='lat' dir='ltr'><strong>[d</strong></span> <span class='ocrx_word' id='word_1_16' title='bbox 359 689 472 743; x_wconf 85' lang='lat' dir='ltr'><strong>autem</strong></span> <span class='ocrx_word' id='word_1_17' title='bbox 495 693 575 740; x_wconf 86' lang='lat' dir='ltr'><strong>cum</strong></span> <span class='ocrx_word' id='word_1_18' title='bbox 596 694 658 764; x_wconf 84' lang='lat' dir='ltr'><strong>per</strong></span> <span class='ocrx_word' id='word_1_19' title='bbox 678 695 723 739; x_wconf 84' lang='lat' dir='ltr'><strong>se</strong></span> <span class='ocrx_word' id='word_1_20' title='bbox 734 674 846 764; x_wconf 87' lang='lat' dir='ltr'><strong>potuit</strong></span> <span class='ocrx_word' id='word_1_21' title='bbox 864 674 995 759; x_wconf 76' lang='lat' dir='ltr'><strong>facere,</strong></span> <span class='ocrx_word' id='word_1_22' title='bbox 1016 688 1093 744; x_wconf 89' lang='lat' dir='ltr'><strong>tum</strong></span> <span class='ocrx_word' id='word_1_23' title='bbox 1114 677 1261 751; x_wconf 84' lang='lat' dir='ltr'><strong>fortasse</strong></span> 
     </span>
     <span class='ocr_line' id='line_1_5' title="bbox 183 777 1262 876; baseline 0.001 -25"><span class='ocrx_word' id='word_1_24' title='bbox 183 782 325 876; x_wconf 19' lang='lat' dir='ltr'><strong>&#39;&#39;graeci</strong></span> <span class='ocrx_word' id='word_1_25' title='bbox 345 778 517 868; x_wconf 84' lang='lat' dir='ltr'><strong>cujusdem</strong></span> <span class='ocrx_word' id='word_1_26' title='bbox 540 787 660 866; x_wconf 78' lang='lat' dir='ltr'><strong>poetae</strong></span> <span class='ocrx_word' id='word_1_27' title='bbox 685 777 890 860; x_wconf 74' lang='lat' dir='ltr'><strong>imitatione,</strong></span> <span class='ocrx_word' id='word_1_28' title='bbox 922 786 1018 859; x_wconf 90' lang='lat' dir='ltr'><strong>cujus</strong></span> <span class='ocrx_word' id='word_1_29' title='bbox 1041 780 1078 845; x_wconf 92' lang='lat' dir='ltr'><strong>in</strong></span> <span class='ocrx_word' id='word_1_30' title='bbox 1093 781 1157 849; x_wconf 90' lang='lat' dir='ltr'><strong>hoc</strong></span> <span class='ocrx_word' id='word_1_31' title='bbox 1180 811 1262 852; x_wconf 50' lang='lat' dir='ltr'><strong>car*</strong></span> 
     </span>
     <span class='ocr_line' id='line_1_6' title="bbox 213 877 1261 972; baseline -0.004 -13"><span class='ocrx_word' id='word_1_32' title='bbox 213 890 307 959; x_wconf 84' lang='lat' dir='ltr'><strong>mine</strong></span> <span class='ocrx_word' id='word_1_33' title='bbox 327 879 467 966; x_wconf 83' lang='lat' dir='ltr'><strong>vestigia</strong></span> <span class='ocrx_word' id='word_1_34' title='bbox 489 877 565 944; x_wconf 82' lang='lat' dir='ltr'><strong>sibi·</strong></span> <span class='ocrx_word' id='word_1_35' title='bbox 577 879 682 944; x_wconf 86' lang='lat' dir='ltr'><strong>etiam</strong></span> <span class='ocrx_word' id='word_1_36' title='bbox 705 880 796 945; x_wconf 87' lang='lat' dir='ltr'><strong>visus</strong></span> <span class='ocrx_word' id='word_1_37' title='bbox 810 892 859 944; x_wconf 85' lang='lat' dir='ltr'><strong>est</strong></span> <span class='ocrx_word' id='word_1_38' title='bbox 872 880 1130 970; x_wconf 77' lang='lat' dir='ltr'><strong>deprehendisse</strong></span> <span class='ocrx_word' id='word_1_39' title='bbox 1143 886 1261 972; x_wconf 82' lang='lat' dir='ltr'><strong>Janus&#39;,</strong></span> 
     </span>
     <span class='ocr_line' id='line_1_7' title="bbox 214 982 1261 1070; baseline 0 -15"><span class='ocrx_word' id='word_1_40' title='bbox 214 992 272 1059; x_wconf 85' lang='lat' dir='ltr'><strong>vir</strong></span> <span class='ocrx_word' id='word_1_41' title='bbox 288 983 511 1055; x_wconf 82' lang='lat' dir='ltr'><strong>doctissimus.</strong></span> <span class='ocrx_word' id='word_1_42' title='bbox 554 982 606 1049; x_wconf 88' lang='lat' dir='ltr'><strong>De</strong></span> <span class='ocrx_word' id='word_1_43' title='bbox 625 1003 751 1068; x_wconf 77' lang='lat' dir='ltr'><strong>quare</strong></span> <span class='ocrx_word' id='word_1_44' title='bbox 770 984 832 1049; x_wconf 88' lang='lat' dir='ltr'><strong>etsi</strong></span> <span class='ocrx_word' id='word_1_45' title='bbox 846 982 974 1070; x_wconf 88' lang='lat' dir='ltr'><strong>aliquid</strong></span> <span class='ocrx_word' id='word_1_46' title='bbox 994 995 1144 1050; x_wconf 84' lang='lat' dir='ltr'><strong>statuere</strong></span> <span class='ocrx_word' id='word_1_47' title='bbox 1166 1000 1261 1055; x_wconf 88' lang='lat' dir='ltr'><strong>tanto</strong></span> 
     </span>
     <span class='ocr_line' id='line_1_8' title="bbox 215 1082 1260 1182; baseline -0.004 -22"><span class='ocrx_word' id='word_1_48' title='bbox 215 1094 258 1160; x_wconf 84' lang='lat' dir='ltr'><strong>sit</strong></span> <span class='ocrx_word' id='word_1_49' title='bbox 280 1086 468 1168; x_wconf 85' lang='lat' dir='ltr'><strong>difficilius,</strong></span> <span class='ocrx_word' id='word_1_50' title='bbox 495 1084 588 1171; x_wconf 92' lang='lat' dir='ltr'><strong>quod</strong></span> <span class='ocrx_word' id='word_1_51' title='bbox 617 1082 653 1148; x_wconf 88' lang='lat' dir='ltr'><strong>iu</strong></span> <span class='ocrx_word' id='word_1_52' title='bbox 675 1083 855 1174; x_wconf 83' lang='lat' dir='ltr'><strong>lyricorum</strong></span> <span class='ocrx_word' id='word_1_53' title='bbox 882 1108 1083 1174; x_wconf 86' lang='lat' dir='ltr'><strong>graecorum</strong></span> <span class='ocrx_word' id='word_1_54' title='bbox 1105 1090 1260 1182; x_wconf 67' lang='lat' dir='ltr'><strong>reliquiis</strong></span> 
     </span>
    </p>
   </div>
   <div class='ocr_carea' id='block_1_3' title="bbox 118 1187 1261 1275">
    <p class='ocr_par' dir='ltr' id='par_1_3' title="bbox 118 1187 1261 1275">
     <span class='ocr_line' id='line_1_9' title="bbox 118 1187 1261 1275; baseline 0.033 -52"><span class='ocrx_word' id='word_1_55' title='bbox 118 1191 121 1201; x_wconf 95' lang='lat'><em>·</em></span> <span class='ocrx_word' id='word_1_56' title='bbox 214 1195 352 1264; x_wconf 69' lang='lat' dir='ltr'><strong>nullum</strong></span> <span class='ocrx_word' id='word_1_57' title='bbox 373 1191 556 1263; x_wconf 62' lang='lat' dir='ltr'><strong>inventum</strong></span> <span class='ocrx_word' id='word_1_58' title='bbox 573 1198 624 1255; x_wconf 77' lang='lat' dir='ltr'><strong>est</strong></span> <span class='ocrx_word' id='word_1_59' title='bbox 637 1208 794 1268; x_wconf 86' lang='lat' dir='ltr'><strong>carmen,</strong></span> <span class='ocrx_word' id='word_1_60' title='bbox 815 1188 858 1254; x_wconf 86' lang='lat' dir='ltr'><strong>ad</strong></span> <span class='ocrx_word' id='word_1_61' title='bbox 872 1188 964 1275; x_wconf 87' lang='lat' dir='ltr'><strong>quo&#39;d</strong></span> <span class='ocrx_word' id='word_1_62' title='bbox 980 1187 1162 1258; x_wconf 74' lang='lat' dir='ltr'><strong>referenda</strong></span> <span class='ocrx_word' id='word_1_63' title='bbox 1177 1195 1261 1260; x_wconf 90' lang='lat' dir='ltr'><strong>haec</strong></span> 
     </span>
    </p>
   </div>
   <div class='ocr_carea' id='block_1_4' title="bbox 133 1289 1343 2404">
    <p class='ocr_par' dir='ltr' id='par_1_4' title="bbox 133 1289 1343 2404">
     <span class='ocr_line' id='line_1_10' title="bbox 216 1289 1261 1380; baseline -0.004 -14"><span class='ocrx_word' id='word_1_64' title='bbox 216 1299 279 1365; x_wconf 89' lang='lat' dir='ltr'><strong>ode</strong></span> <span class='ocrx_word' id='word_1_65' title='bbox 291 1294 459 1371; x_wconf 81' lang='lat' dir='ltr'><strong>videatur,</strong></span> <span class='ocrx_word' id='word_1_66' title='bbox 473 1301 589 1354; x_wconf 84' lang='lat' dir='ltr'><strong>tamen</strong></span> <span class='ocrx_word' id='word_1_67' title='bbox 602 1310 715 1355; x_wconf 86' lang='lat' dir='ltr'><strong>meam</strong></span> <span class='ocrx_word' id='word_1_68' title='bbox 730 1289 880 1375; x_wconf 79' lang='lat' dir='ltr'><strong>aliquam</strong></span> <span class='ocrx_word' id='word_1_69' title='bbox 888 1290 1026 1380; x_wconf 76' lang='lat' dir='ltr'>insuper</span> <span class='ocrx_word' id='word_1_70' title='bbox 1040 1293 1164 1360; x_wconf 86' lang='lat' dir='ltr'><strong>addam</strong></span> <span class='ocrx_word' id='word_1_71' title='bbox 1178 1316 1261 1362; x_wconf 82' lang='lat' dir='ltr'><strong>cou-</strong></span> 
     </span>
     <span class='ocr_line' id='line_1_11' title="bbox 214 1389 1262 1490; baseline -0.007 -22"><span class='ocrx_word' id='word_1_72' title='bbox 214 1405 391 1490; x_wconf 83' lang='lat' dir='ltr'><strong>jecturem,</strong></span> <span class='ocrx_word' id='word_1_73' title='bbox 413 1414 486 1460; x_wconf 89' lang='lat' dir='ltr'><strong>non</strong></span> <span class='ocrx_word' id='word_1_74' title='bbox 499 1389 631 1481; x_wconf 81' lang='lat' dir='ltr'><strong>penitus</strong></span> <span class='ocrx_word' id='word_1_75' title='bbox 645 1391 899 1460; x_wconf 84' lang='lat' dir='ltr'><strong>illam&#39;fortesse</strong></span> <span class='ocrx_word' id='word_1_76' title='bbox 912 1395 1171 1483; x_wconf 74' lang='lat' dir='ltr'><strong>aspernandam.</strong></span> <span class='ocrx_word' id='word_1_77' title='bbox 1195 1398 1262 1463; x_wconf 74' lang='lat' dir='ltr'><strong>Et-</strong></span> 
     </span>
     <span class='ocr_line' id='line_1_12' title="bbox 157 1490 1263 1586; baseline -0.003 -20"><span class='ocrx_word' id='word_1_78' title='bbox 157 1566 173 1583; x_wconf 65' lang='lat'><strong>,</strong></span> <span class='ocrx_word' id='word_1_79' title='bbox 215 1504 307 1572; x_wconf 81' lang='lat' dir='ltr'><strong>enim</strong></span> <span class='ocrx_word' id='word_1_80' title='bbox 323 1490 498 1586; x_wconf 63' lang='lat' dir='ltr'><strong>sonticas,</strong></span> <span class='ocrx_word' id='word_1_81' title='bbox 508 1494 705 1577; x_wconf 85' lang='lat' dir='ltr'><strong>Horatium,</strong></span> <span class='ocrx_word' id='word_1_82' title='bbox 728 1516 831 1581; x_wconf 84' lang='lat' dir='ltr'><strong>quem</strong></span> <span class='ocrx_word' id='word_1_83' title='bbox 846 1496 901 1562; x_wconf 89' lang='lat' dir='ltr'><strong>hic</strong></span> <span class='ocrx_word' id='word_1_84' title='bbox 912 1497 1124 1586; x_wconf 85' lang='lat' dir='ltr'><strong>potissimum</strong></span> <span class='ocrx_word' id='word_1_85' title='bbox 1141 1518 1263 1586; x_wconf 56' lang='lat' dir='ltr'><strong>seque*</strong></span> 
     </span>
     <span class='ocr_line' id='line_1_13' title="bbox 215 1595 1262 1687; baseline -0.007 -13"><span class='ocrx_word' id='word_1_86' title='bbox 215 1617 326 1687; x_wconf 88' lang='lat' dir='ltr'><strong>retur,</strong></span> <span class='ocrx_word' id='word_1_87' title='bbox 348 1613 521 1669; x_wconf 81' lang='lat' dir='ltr'><strong>auctorem</strong></span> <span class='ocrx_word' id='word_1_88' title='bbox 535 1595 695 1663; x_wconf 85' lang='lat' dir='ltr'><strong>habuisse</strong></span> <span class='ocrx_word' id='word_1_89' title='bbox 710 1597 938 1680; x_wconf 82' lang='lat' dir='ltr'><strong>Simonidem,</strong></span> <span class='ocrx_word' id='word_1_90' title='bbox 960 1621 1064 1687; x_wconf 88' lang='lat' dir='ltr'><strong>quem</strong></span> <span class='ocrx_word' id='word_1_91' title='bbox 1081 1599 1199 1666; x_wconf 83' lang='lat' dir='ltr'><strong>Cicero</strong></span> <span class='ocrx_word' id='word_1_92' title='bbox 1216 1597 1262 1668; x_wconf 82' lang='lat' dir='ltr'><strong>de</strong></span> 
     </span>
     <span class='ocr_line' id='line_1_14' title="bbox 217 1697 1343 1794; baseline -0.007 -17"><span class='ocrx_word' id='word_1_93' title='bbox 217 1705 429 1778; x_wconf 79' lang='lat' dir='ltr'><strong>divinatione</strong></span> <span class='ocrx_word' id='word_1_94' title='bbox 442 1700 529 1768; x_wconf 87' lang='lat' dir='ltr'><strong>libro</strong></span> <span class='ocrx_word' id='word_1_95' title='bbox 538 1700 581 1769; x_wconf 82' lang='grc' dir='ltr'><strong>Π.</strong></span> <span class='ocrx_word' id='word_1_96' title='bbox 597 1724 624 1768; x_wconf 82' lang='lat' dir='ltr'><strong>c.</strong></span> <span class='ocrx_word' id='word_1_97' title='bbox 640 1718 692 1786; x_wconf 80' lang='lat'><strong>27.</strong></span> <span class='ocrx_word' id='word_1_98' title='bbox 705 1697 846 1783; x_wconf 82' lang='lat' dir='ltr'><strong>scribit,</strong></span> <span class='ocrx_word' id='word_1_99' title='bbox 858 1725 963 1791; x_wconf 71' lang='grc' dir='ltr'>ᾳιιιιιιι</span> <span class='ocrx_word' id='word_1_100' title='bbox 977 1702 1132 1794; x_wconf 79' lang='lat' dir='ltr'><strong>ignotum</strong></span> <span class='ocrx_word' id='word_1_101' title='bbox 1144 1725 1263 1790; x_wconf 78' lang='lat' dir='ltr'><strong>quens·</strong></span> <span class='ocrx_word' id='word_1_102' title='bbox 1339 1700 1343 1709; x_wconf 74' lang='grc'><em>“</em></span> 
     </span>
     <span class='ocr_line' id='line_1_15' title="bbox 217 1805 1261 1897; baseline -0.005 -20"><span class='ocrx_word' id='word_1_103' title='bbox 217 1811 322 1890; x_wconf 82' lang='lat' dir='ltr'><strong>dam,</strong></span> <span class='ocrx_word' id='word_1_104' title='bbox 346 1806 610 1897; x_wconf 78' lang='lat' dir='ltr'><strong>projectumque</strong></span> <span class='ocrx_word' id='word_1_105' title='bbox 633 1813 810 1870; x_wconf 84' lang='lat' dir='ltr'><strong>mortuum</strong></span> <span class='ocrx_word' id='word_1_106' title='bbox 829 1805 993 1887; x_wconf 80' lang='lat' dir='ltr'><strong>vidisset,</strong></span> <span class='ocrx_word' id='word_1_107' title='bbox 1029 1829 1171 1894; x_wconf 75' lang='lat' dir='ltr'><strong>euniqzse</strong></span> <span class='ocrx_word' id='word_1_108' title='bbox 1190 1807 1261 1872; x_wconf 77' lang='lat' dir='ltr'><strong>hn-</strong></span> 
     </span>
     <span class='ocr_line' id='line_1_16' title="bbox 218 1894 1261 2023; baseline -0.006 -43"><span class='ocrx_word' id='word_1_109' title='bbox 218 1910 385 1980; x_wconf 80' lang='lat' dir='ltr'><strong>manasset</strong></span> <span class='ocrx_word' id='word_1_110' title='bbox 389 1957 402 1990; x_wconf 92' lang='lat'><strong>,</strong></span> <span class='ocrx_word' id='word_1_111' title='bbox 424 1905 671 2023; x_wconf 75' lang='lat' dir='ltr'><strong>haberetque</strong></span> <span class='ocrx_word' id='word_1_112' title='bbox 655 1929 693 1972; x_wconf 87' lang='lat' dir='ltr'><strong>m</strong></span> <span class='ocrx_word' id='word_1_113' title='bbox 716 1906 852 1990; x_wconf 81' lang='lat' dir='ltr'><strong>animo,</strong></span> <span class='ocrx_word' id='word_1_114' title='bbox 876 1933 1001 1976; x_wconf 77' lang='lat' dir='ltr'><strong>navem</strong></span> <span class='ocrx_word' id='word_1_115' title='bbox 1018 1894 1261 1989; x_wconf 73' lang='lat' dir='ltr'><strong><em>conscendere,</em></strong></span> 
     </span>
     <span class='ocr_line' id='line_1_17' title="bbox 218 2009 1261 2102; baseline -0.005 -19"><span class='ocrx_word' id='word_1_116' title='bbox 218 2013 353 2083; x_wconf 83' lang='lat' dir='ltr'><strong>monen&#39;</strong></span> <span class='ocrx_word' id='word_1_117' title='bbox 359 2034 429 2102; x_wconf 85' lang='lat' dir='ltr'><strong>per</strong></span> <span class='ocrx_word' id='word_1_118' title='bbox 441 2033 600 2081; x_wconf 72' lang='lat' dir='ltr'><strong>somnum</strong></span> <span class='ocrx_word' id='word_1_119' title='bbox 611 2009 725 2077; x_wconf 80' lang='lat' dir='ltr'><strong>visum</strong></span> <span class='ocrx_word' id='word_1_120' title='bbox 740 2033 827 2092; x_wconf 86' lang='lat' dir='ltr'><strong>esse,</strong></span> <span class='ocrx_word' id='word_1_121' title='bbox 851 2034 894 2077; x_wconf 87' lang='lat' dir='ltr'><strong>nc</strong></span> <span class='ocrx_word' id='word_1_122' title='bbox 913 2010 1121 2102; x_wconf 80' lang='lat' dir='ltr'><strong>idsaceret,</strong></span> <span class='ocrx_word' id='word_1_123' title='bbox 1144 2011 1188 2078; x_wconf 87' lang='lat' dir='ltr'><strong>ab</strong></span> <span class='ocrx_word' id='word_1_124' title='bbox 1205 2036 1261 2093; x_wconf 85' lang='lat' dir='ltr'><strong>eo,</strong></span> 
     </span>
     <span class='ocr_line' id='line_1_18' title="bbox 216 2109 1264 2210; baseline -0.002 -26"><span class='ocrx_word' id='word_1_125' title='bbox 216 2141 321 2210; x_wconf 78' lang='lat' dir='ltr'><strong>qtsem</strong></span> <span class='ocrx_word' id='word_1_126' title='bbox 340 2113 523 2204; x_wconf 81' lang='lat' dir='ltr'><strong>aepultura</strong></span> <span class='ocrx_word' id='word_1_127' title='bbox 544 2109 803 2205; x_wconf 55' lang='lat' dir='ltr'><strong>adfectatam</strong></span> <span class='ocrx_word' id='word_1_128' title='bbox 769 2139 802 2181; x_wconf 82' lang='grc' dir='ltr'><strong>ιι</strong></span> <span class='ocrx_word' id='word_1_129' title='bbox 826 2114 1049 2210; x_wconf 72' lang='lat' dir='ltr'><strong>navigasset,</strong></span> <span class='ocrx_word' id='word_1_130' title='bbox 1080 2138 1160 2181; x_wconf 87' lang='lat' dir='ltr'><strong>eum</strong></span> <span class='ocrx_word' id='word_1_131' title='bbox 1172 2140 1264 2182; x_wconf 79' lang='lat' dir='ltr'><strong>nata·</strong></span> 
     </span>
     <span class='ocr_line' id='line_1_19' title="bbox 210 2215 1265 2322; baseline -0.004 -35"><span class='ocrx_word' id='word_1_132' title='bbox 210 2218 339 2322; x_wconf 69' lang='lat' dir='ltr'><strong>fragia</strong></span> <span class='ocrx_word' id='word_1_133' title='bbox 364 2240 437 2285; x_wconf 85' lang='lat' dir='ltr'><strong>esse</strong></span> <span class='ocrx_word' id='word_1_134' title='bbox 455 2216 668 2307; x_wconf 81' lang='lat' dir='ltr'><strong>periturum.</strong></span> <span class='ocrx_word' id='word_1_135' title='bbox 712 2215 827 2308; x_wconf 89' lang='lat' dir='ltr'><strong>Quam</strong></span> <span class='ocrx_word' id='word_1_136' title='bbox 852 2217 1007 2282; x_wconf 88' lang='lat' dir='ltr'><strong>eamdem</strong></span> <span class='ocrx_word' id='word_1_137' title='bbox 1024 2239 1098 2283; x_wconf 90' lang='lat' dir='ltr'><strong>rem</strong></span> <span class='ocrx_word' id='word_1_138' title='bbox 1123 2239 1265 2284; x_wconf 84' lang='lat' dir='ltr'><strong>narrans</strong></span> 
     </span>
     <span class='ocr_line' id='line_1_20' title="bbox 133 2318 1262 2404; baseline 0.002 -20"><span class='ocrx_word' id='word_1_139' title='bbox 133 2375 139 2384; x_wconf 93' lang='lat'><strong>.</strong></span> <span class='ocrx_word' id='word_1_140' title='bbox 213 2319 372 2394; x_wconf 86' lang='lat' dir='ltr'><strong>Valerius</strong></span> <span class='ocrx_word' id='word_1_141' title='bbox 395 2319 568 2387; x_wconf 83' lang='lat' dir='ltr'><strong>Maximus</strong></span> <span class='ocrx_word' id='word_1_142' title='bbox 587 2320 613 2385; x_wconf 90' lang='lat' dir='ltr'>I</span> <span class='ocrx_word' id='word_1_143' title='bbox 631 2341 677 2404; x_wconf 87' lang='lat'>7</span> <span class='ocrx_word' id='word_1_144' title='bbox 654 2319 787 2386; x_wconf 80' lang='lat' dir='ltr'><strong>addit.</strong></span> <span class='ocrx_word' id='word_1_145' title='bbox 808 2318 1047 2403; x_wconf 79' lang='lat' dir='ltr'><strong>Simonidem,</strong></span> <span class='ocrx_word' id='word_1_146' title='bbox 1072 2343 1262 2387; x_wconf 84' lang='lat' dir='ltr'><strong>memorem</strong></span> 
     </span>
    </p>
   </div>
   <div class='ocr_carea' id='block_1_5' title="bbox 68 2419 1263 2524">
    <p class='ocr_par' dir='ltr' id='par_1_5' title="bbox 68 2419 1263 2524">
     <span class='ocr_line' id='line_1_21' title="bbox 68 2419 1263 2524; baseline -0.001 -33"><span class='ocrx_word' id='word_1_147' title='bbox 68 2506 72 2513; x_wconf 29' lang='grc' dir='ltr'>Ι</span> <span class='ocrx_word' id='word_1_148' title='bbox 183 2419 399 2515; x_wconf 72' lang='lat' dir='ltr'><strong>‚beneficii,</strong></span> <span class='ocrx_word' id='word_1_149' title='bbox 439 2420 698 2515; x_wconf 80' lang='lat' dir='ltr'><strong>elegantissimo</strong></span> <span class='ocrx_word' id='word_1_150' title='bbox 717 2444 817 2502; x_wconf 84' lang='lat' dir='ltr'><strong>enm,</strong></span> <span class='ocrx_word' id='word_1_151' title='bbox 859 2445 883 2524; x_wconf 86' lang='lat' dir='ltr'><strong>a</strong></span> <span class='ocrx_word' id='word_1_152' title='bbox 905 2445 970 2513; x_wconf 88' lang='lat' dir='ltr'><strong>qno</strong></span> <span class='ocrx_word' id='word_1_153' title='bbox 995 2433 1085 2495; x_wconf 85' lang='lat' dir='ltr'><strong>esset</strong></span> <span class='ocrx_word' id='word_1_154' title='bbox 1098 2425 1263 2508; x_wconf 59' lang='lat' dir='ltr'><strong>monitae</strong></span> 
     </span>
    </p>
   </div>
   <div class='ocr_carea' id='block_1_6' title="bbox 170 2524 1263 3029">
    <p class='ocr_par' dir='ltr' id='par_1_6' title="bbox 218 2524 871 2595">
     <span class='ocr_line' id='line_1_22' title="bbox 218 2524 871 2595; baseline -0.006 0"><span class='ocrx_word' id='word_1_155' title='bbox 218 2526 375 2595; x_wconf 67' lang='lat' dir='ltr'><strong>cernane</strong></span> <span class='ocrx_word' id='word_1_156' title='bbox 390 2524 596 2591; x_wconf 81' lang='lat' dir='ltr'><strong>aeternitati</strong></span> <span class='ocrx_word' id='word_1_157' title='bbox 607 2525 871 2613; x_wconf 75' lang='grc' dir='ltr'>οοηιεοιανίιιι.</span> 
     </span>
    </p>

    <p class='ocr_par' dir='ltr' id='par_1_7' title="bbox 170 2620 1263 3025">
     <span class='ocr_line' id='line_1_23' title="bbox 284 2620 1263 2714; baseline 0.008 -23.15"><span class='ocrx_word' id='word_1_158' title='bbox 284 2624 416 2710; x_wconf 83' lang='lat' dir='ltr'><strong>Atque</strong></span> <span class='ocrx_word' id='word_1_159' title='bbox 437 2620 521 2690; x_wconf 81' lang='lat' dir='ltr'><strong>hae&#39;c</strong></span> <span class='ocrx_word' id='word_1_160' title='bbox 537 2625 675 2714; x_wconf 88' lang='lat' dir='ltr'><strong>quidem</strong></span> <span class='ocrx_word' id='word_1_161' title='bbox 688 2623 862 2695; x_wconf 76' lang='lat' dir='ltr'><strong>haetenus</strong></span> <span class='ocrx_word' id='word_1_162' title='bbox 904 2624 1024 2695; x_wconf 88' lang='lat' dir='ltr'><strong>Restat</strong></span> <span class='ocrx_word' id='word_1_163' title='bbox 1040 2629 1198 2712; x_wconf 88' lang='lat' dir='ltr'><strong>tandem,</strong></span> <span class='ocrx_word' id='word_1_164' title='bbox 1220 2644 1263 2699; x_wconf 92' lang='lat' dir='ltr'><strong>ut</strong></span> 
     </span>
     <span class='ocr_line' id='line_1_24' title="bbox 170 2720 1261 2831; baseline 0.003 -34"><span class='ocrx_word' id='word_1_165' title='bbox 170 2790 175 2797; x_wconf 25' lang='grc' dir='ltr'>ι</span> <span class='ocrx_word' id='word_1_166' title='bbox 218 2731 262 2800; x_wconf 85' lang='lat' dir='ltr'><strong>ad</strong></span> <span class='ocrx_word' id='word_1_167' title='bbox 282 2752 412 2797; x_wconf 87' lang='lat' dir='ltr'><strong>novum</strong></span> <span class='ocrx_word' id='word_1_168' title='bbox 432 2721 543 2812; x_wconf 83' lang='lat' dir='ltr'><strong>hunc,</strong></span> <span class='ocrx_word' id='word_1_169' title='bbox 576 2728 671 2817; x_wconf 88' lang='lat' dir='ltr'><strong>cujus</strong></span> <span class='ocrx_word' id='word_1_170' title='bbox 685 2751 785 2796; x_wconf 88' lang='lat' dir='ltr'><strong>causa</strong></span> <span class='ocrx_word' id='word_1_171' title='bbox 799 2731 883 2797; x_wconf 90' lang='lat' dir='ltr'><strong>haec</strong></span> <span class='ocrx_word' id='word_1_172' title='bbox 898 2743 948 2798; x_wconf 89' lang='lat' dir='ltr'><strong>est</strong></span> <span class='ocrx_word' id='word_1_173' title='bbox 964 2754 984 2796; x_wconf 90' lang='lat' dir='ltr'><strong>a</strong></span> <span class='ocrx_word' id='word_1_174' title='bbox 999 2731 1096 2797; x_wconf 87' lang='lat' dir='ltr'><strong>nobis</strong></span> <span class='ocrx_word' id='word_1_175' title='bbox 1110 2720 1261 2831; x_wconf 74' lang='grc' dir='ltr'>ριοΙιιιῐό</span> 
     </span>
     <span class='ocr_line' id='line_1_25' title="bbox 217 2827 1262 2934; baseline 0.003 -34"><span class='ocrx_word' id='word_1_176' title='bbox 217 2832 388 2923; x_wconf 81' lang='lat' dir='ltr'><strong>instituta,</strong></span> <span class='ocrx_word' id='word_1_177' title='bbox 414 2829 624 2934; x_wconf 84' lang='lat' dir='ltr'><strong>studiorum</strong></span> <span class='ocrx_word' id='word_1_178' title='bbox 624 2854 777 2917; x_wconf 87' lang='lat' dir='ltr'><strong>cursum,</strong></span> <span class='ocrx_word' id='word_1_179' title='bbox 806 2834 942 2921; x_wconf 82' lang='lat' dir='ltr'><strong>auspice</strong></span> <span class='ocrx_word' id='word_1_180' title='bbox 963 2835 1036 2900; x_wconf 88' lang='lat' dir='ltr'><strong>Deo</strong></span> <span class='ocrx_word' id='word_1_181' title='bbox 1057 2827 1262 2922; x_wconf 53' lang='lat' dir='ltr'><strong>ingrediunq</strong></span> 
     </span>
     <span class='ocr_line' id='line_1_26' title="bbox 216 2934 1262 3029; baseline 0.001 -25"><span class='ocrx_word' id='word_1_182' title='bbox 216 2936 319 3020; x_wconf 90' lang='lat' dir='ltr'><strong>dum,</strong></span> <span class='ocrx_word' id='word_1_183' title='bbox 341 2940 376 3001; x_wconf 85' lang='lat' dir='ltr'><strong>et</strong></span> <span class='ocrx_word' id='word_1_184' title='bbox 391 2956 464 3017; x_wconf 86' lang='lat' dir='ltr'><strong>vos,</strong></span> <span class='ocrx_word' id='word_1_185' title='bbox 486 2927 651 3033; x_wconf 80' lang='lat' dir='ltr'><strong>aquibus</strong></span> <span class='ocrx_word' id='word_1_186' title='bbox 659 2957 767 3028; x_wconf 82' lang='lat' dir='ltr'><strong>nupei</strong></span> <span class='ocrx_word' id='word_1_187' title='bbox 779 2958 850 3002; x_wconf 89' lang='lat' dir='ltr'><strong>non</strong></span> <span class='ocrx_word' id='word_1_188' title='bbox 862 2936 936 3014; x_wconf 83' lang='lat' dir='ltr'><strong>siue</strong></span> <span class='ocrx_word' id='word_1_189' title='bbox 948 2937 1115 3004; x_wconf 86' lang='lat' dir='ltr'><strong>desiderio</strong></span> <span class='ocrx_word' id='word_1_190' title='bbox 1131 2939 1262 3005; x_wconf 89' lang='lat' dir='ltr'><strong>disces</strong></span> 
     </span>
    </p>
   </div>
   <div class='ocr_carea' id='block_1_7' title="bbox 75 3038 1262 3134">
    <p class='ocr_par' dir='ltr' id='par_1_8' title="bbox 75 3038 1262 3134">
     <span class='ocr_line' id='line_1_27' title="bbox 75 3038 1262 3134; baseline 0.003 -29"><span class='ocrx_word' id='word_1_191' title='bbox 75 3098 78 3105; x_wconf 82' lang='lat'>.</span> <span class='ocrx_word' id='word_1_192' title='bbox 99 3069 107 3134; x_wconf 9' lang='grc' dir='ltr'><strong>’ἲ</strong></span> <span class='ocrx_word' id='word_1_193' title='bbox 216 3039 339 3122; x_wconf 86' lang='lat' dir='ltr'><strong>simus,</strong></span> <span class='ocrx_word' id='word_1_194' title='bbox 361 3047 394 3103; x_wconf 85' lang='lat' dir='ltr'><strong>et</strong></span> <span class='ocrx_word' id='word_1_195' title='bbox 407 3058 487 3121; x_wconf 85' lang='lat' dir='ltr'><strong>vos,</strong></span> <span class='ocrx_word' id='word_1_196' title='bbox 509 3059 657 3126; x_wconf 89' lang='lat' dir='ltr'><strong>quorum</strong></span> <span class='ocrx_word' id='word_1_197' title='bbox 668 3038 703 3102; x_wconf 90' lang='lat' dir='ltr'><strong>in</strong></span> <span class='ocrx_word' id='word_1_198' title='bbox 717 3051 893 3127; x_wconf 85' lang='lat' dir='ltr'><strong>posterum</strong></span> <span class='ocrx_word' id='word_1_199' title='bbox 908 3062 1025 3108; x_wconf 85' lang='lat' dir='ltr'><strong>curam</strong></span> <span class='ocrx_word' id='word_1_200' title='bbox 1041 3042 1123 3109; x_wconf 85' lang='lat' dir='ltr'><strong>novi</strong></span> <span class='ocrx_word' id='word_1_201' title='bbox 1136 3067 1262 3110; x_wconf 78' lang='lat' dir='ltr'><strong>mune·</strong></span> 
     </span>
    </p>
   </div>
   <div class='ocr_carea' id='block_1_8' title="bbox 216 3131 1333 3443">
    <p class='ocr_par' dir='ltr' id='par_1_9' title="bbox 216 3131 1333 3432">
     <span class='ocr_line' id='line_1_28' title="bbox 217 3131 1333 3240; baseline 0.003 -31"><span class='ocrx_word' id='word_1_202' title='bbox 217 3141 265 3209; x_wconf 84' lang='lat' dir='ltr'><strong>ris</strong></span> <span class='ocrx_word' id='word_1_203' title='bbox 286 3135 439 3207; x_wconf 87' lang='lat' dir='ltr'><strong>officium</strong></span> <span class='ocrx_word' id='word_1_204' title='bbox 462 3131 560 3207; x_wconf 87' lang='lat' dir='ltr'><strong>uobis</strong></span> <span class='ocrx_word' id='word_1_205' title='bbox 583 3141 817 3240; x_wconf 81' lang='lat' dir='ltr'><strong>commendat,</strong></span> <span class='ocrx_word' id='word_1_206' title='bbox 839 3141 1016 3232; x_wconf 81' lang='lat' dir='ltr'><strong>uttiusque</strong></span> <span class='ocrx_word' id='word_1_207' title='bbox 1030 3144 1169 3233; x_wconf 85' lang='lat' dir='ltr'><strong>Collegii</strong></span> <span class='ocrx_word' id='word_1_208' title='bbox 1181 3147 1260 3212; x_wconf 86' lang='lat' dir='ltr'><strong>alu-</strong></span> <span class='ocrx_word' id='word_1_209' title='bbox 1330 3212 1333 3221; x_wconf 72' lang='grc'><strong>,</strong></span> 
     </span>
     <span class='ocr_line' id='line_1_29' title="bbox 216 3241 1261 3341; baseline 0.005 -31"><span class='ocrx_word' id='word_1_210' title='bbox 216 3265 316 3310; x_wconf 87' lang='lat' dir='ltr'><strong>mnas</strong></span> <span class='ocrx_word' id='word_1_211' title='bbox 330 3243 561 3310; x_wconf 82' lang='lat' dir='ltr'><strong>exhortemur.</strong></span> <span class='ocrx_word' id='word_1_212' title='bbox 603 3241 697 3341; x_wconf 54' lang='lat' dir='ltr'><strong>Vosss&#39;</strong></span> <span class='ocrx_word' id='word_1_213' title='bbox 681 3243 800 3335; x_wconf 83' lang='lat' dir='ltr'><strong>igitur,</strong></span> <span class='ocrx_word' id='word_1_214' title='bbox 823 3268 844 3311; x_wconf 94' lang='lat' dir='ltr'><strong>o</strong></span> <span class='ocrx_word' id='word_1_215' title='bbox 865 3244 958 3329; x_wconf 89' lang='lat' dir='ltr'><strong>boni,</strong></span> <span class='ocrx_word' id='word_1_216' title='bbox 978 3247 1134 3334; x_wconf 87' lang='lat' dir='ltr'><strong>cogitate,</strong></span> <span class='ocrx_word' id='word_1_217' title='bbox 1156 3269 1261 3334; x_wconf 90' lang='lat' dir='ltr'><strong>quam</strong></span> 
     </span>
     <span class='ocr_line' id='line_1_30' title="bbox 218 3343 1261 3443; baseline 0.002 -29"><span class='ocrx_word' id='word_1_218' title='bbox 218 3345 410 3414; x_wconf 88' lang='lat' dir='ltr'><strong>animorum</strong></span> <span class='ocrx_word' id='word_1_219' title='bbox 424 3344 461 3410; x_wconf 90' lang='lat' dir='ltr'><strong>in</strong></span> <span class='ocrx_word' id='word_1_220' title='bbox 477 3343 619 3443; x_wconf 78' lang='lat' dir='ltr'><strong>optimas</strong></span> <span class='ocrx_word' id='word_1_221' title='bbox 631 3343 787 3413; x_wconf 88' lang='lat' dir='ltr'><strong>litteras</strong></span> <span class='ocrx_word' id='word_1_222' title='bbox 775 3347 999 3415; x_wconf 77' lang='lat' dir='ltr'><strong>intentionem</strong></span> <span class='ocrx_word' id='word_1_223' title='bbox 1014 3362 1047 3417; x_wconf 90' lang='lat' dir='ltr'><strong>ct</strong></span> <span class='ocrx_word' id='word_1_224' title='bbox 1062 3361 1175 3416; x_wconf 84' lang='lat' dir='ltr'><strong>vestra</strong></span> <span class='ocrx_word' id='word_1_225' title='bbox 1185 3348 1261 3416; x_wconf 84' lang='lat' dir='ltr'><strong>uti-</strong></span> 
     </span>
    </p>
   </div>
   <div class='ocr_carea' id='block_1_9' title="bbox 93 3431 1266 3543">
    <p class='ocr_par' dir='ltr' id='par_1_10' title="bbox 93 3431 1266 3543">
     <span class='ocr_line' id='line_1_31' title="bbox 93 3431 1266 3543; baseline 0.003 -30"><span class='ocrx_word' id='word_1_226' title='bbox 93 3504 100 3513; x_wconf 82' lang='lat'>.</span> <span class='ocrx_word' id='word_1_227' title='bbox 178 3506 182 3525; x_wconf 56' lang='grc'><strong>,,</strong></span> <span class='ocrx_word' id='word_1_228' title='bbox 215 3449 317 3539; x_wconf 74' lang='lat' dir='ltr'><strong>litas2</strong></span> <span class='ocrx_word' id='word_1_229' title='bbox 334 3459 369 3514; x_wconf 87' lang='lat' dir='ltr'><strong>et</strong></span> <span class='ocrx_word' id='word_1_230' title='bbox 386 3444 540 3515; x_wconf 85' lang='lat' dir='ltr'><strong>muneris</strong></span> <span class='ocrx_word' id='word_1_231' title='bbox 563 3431 745 3543; x_wconf 81' lang='lat' dir='ltr'><strong>aliquando</strong></span> <span class='ocrx_word' id='word_1_232' title='bbox 765 3447 908 3538; x_wconf 82' lang='lat' dir='ltr'><strong>gerendi</strong></span> <span class='ocrx_word' id='word_1_233' title='bbox 922 3449 1084 3541; x_wconf 82' lang='lat' dir='ltr'><strong>dignatio,</strong></span> <span class='ocrx_word' id='word_1_234' title='bbox 1108 3457 1143 3515; x_wconf 85' lang='lat' dir='ltr'><strong>et</strong></span> <span class='ocrx_word' id='word_1_235' title='bbox 1154 3473 1261 3538; x_wconf 85' lang='lat' dir='ltr'><strong>prae</strong></span> <span class='ocrx_word' id='word_1_236' title='bbox 1259 3458 1266 3472; x_wconf 67' lang='lat'><strong>⁸</strong></span> 
     </span>
    </p>
   </div>
   <div class='ocr_carea' id='block_1_10' title="bbox 139 3537 1315 4049">
    <p class='ocr_par' dir='ltr' id='par_1_11' title="bbox 139 3537 1259 3636">
     <span class='ocr_line' id='line_1_32' title="bbox 139 3537 1259 3636; baseline 0.009 -25"><span class='ocrx_word' id='word_1_237' title='bbox 139 3604 143 3611; x_wconf 92' lang='lat'><em>.</em></span> <span class='ocrx_word' id='word_1_238' title='bbox 215 3551 366 3618; x_wconf 89' lang='lat' dir='ltr'><strong>miorum</strong></span> <span class='ocrx_word' id='word_1_239' title='bbox 399 3547 496 3616; x_wconf 86' lang='lat' dir='ltr'><strong>vobis</strong></span> <span class='ocrx_word' id='word_1_240' title='bbox 529 3537 783 3636; x_wconf 84' lang='lat' dir='ltr'><strong>propositorum</strong></span> <span class='ocrx_word' id='word_1_241' title='bbox 817 3573 896 3617; x_wconf 89' lang='lat' dir='ltr'><strong>cum</strong></span> <span class='ocrx_word' id='word_1_242' title='bbox 924 3552 1132 3623; x_wconf 78' lang='lat' dir='ltr'><strong>munificent</strong></span> <span class='ocrx_word' id='word_1_243' title='bbox 1109 3565 1156 3618; x_wconf 79' lang='lat' dir='ltr'><strong>tia</strong></span> <span class='ocrx_word' id='word_1_244' title='bbox 1184 3565 1259 3621; x_wconf 88' lang='lat' dir='ltr'><strong>tum</strong></span> 
     </span>
    </p>

    <p class='ocr_par' dir='ltr' id='par_1_12' title="bbox 181 3648 1315 4049">
     <span class='ocr_line' id='line_1_33' title="bbox 181 3648 1259 3747; baseline 0.007 -32"><span class='ocrx_word' id='word_1_245' title='bbox 181 3692 185 3696; x_wconf 96' lang='lat'>-</span> <span class='ocrx_word' id='word_1_246' title='bbox 216 3653 395 3741; x_wconf 80' lang='lat' dir='ltr'><strong>splendor,</strong></span> <span class='ocrx_word' id='word_1_247' title='bbox 424 3663 504 3747; x_wconf 84' lang='lat' dir='ltr'><strong>ante</strong></span> <span class='ocrx_word' id='word_1_248' title='bbox 526 3648 642 3716; x_wconf 91' lang='lat' dir='ltr'><strong>omnia</strong></span> <span class='ocrx_word' id='word_1_249' title='bbox 660 3672 745 3716; x_wconf 85' lang='lat' dir='ltr'><strong>vero</strong></span> <span class='ocrx_word' id='word_1_250' title='bbox 767 3652 898 3740; x_wconf 76' lang='lat' dir='ltr'><strong>pattiae</strong></span> <span class='ocrx_word' id='word_1_251' title='bbox 922 3666 1054 3721; x_wconf 83' lang='lat' dir='ltr'><strong>vestrae</strong></span> <span class='ocrx_word' id='word_1_252' title='bbox 1075 3669 1259 3746; x_wconf 87' lang='lat' dir='ltr'><strong>respectus,</strong></span> 
     </span>
     <span class='ocr_line' id='line_1_34' title="bbox 216 3752 1267 3842; baseline 0.004 -22"><span class='ocrx_word' id='word_1_253' title='bbox 216 3752 441 3842; x_wconf 72' lang='lat' dir='ltr'><strong>praesertim</strong></span> <span class='ocrx_word' id='word_1_254' title='bbox 430 3774 467 3818; x_wconf 89' lang='lat' dir='ltr'><strong>m</strong></span> <span class='ocrx_word' id='word_1_255' title='bbox 479 3753 543 3818; x_wconf 86' lang='lat' dir='ltr'><strong>h&#39;ac</strong></span> <span class='ocrx_word' id='word_1_256' title='bbox 559 3755 654 3818; x_wconf 83' lang='lat' dir='ltr'><strong>tauta</strong></span> <span class='ocrx_word' id='word_1_257' title='bbox 664 3753 774 3823; x_wconf 67' lang='lat' dir='ltr'><strong>,seculi</strong></span> <span class='ocrx_word' id='word_1_258' title='bbox 785 3757 942 3839; x_wconf 77' lang='lat' dir='ltr'><strong>latitate,</strong></span> <span class='ocrx_word' id='word_1_259' title='bbox 965 3779 1003 3823; x_wconf 90' lang='lat' dir='ltr'><strong>ac</strong></span> <span class='ocrx_word' id='word_1_260' title='bbox 1017 3761 1191 3827; x_wconf 84' lang='lat' dir='ltr'><strong>doctrinae</strong></span> <span class='ocrx_word' id='word_1_261' title='bbox 1203 3766 1267 3826; x_wconf 79' lang='lat' dir='ltr'><strong>se·&#39;</strong></span> 
     </span>
     <span class='ocr_line' id='line_1_35' title="bbox 190 3842 1263 3951; baseline 0.007 -31"><span class='ocrx_word' id='word_1_262' title='bbox 190 3842 359 3921; x_wconf 77' lang='lat' dir='ltr'><strong>&#39;verioris</strong></span> <span class='ocrx_word' id='word_1_263' title='bbox 386 3854 547 3942; x_wconf 86' lang='lat' dir='ltr'><strong>flagitiose</strong></span> <span class='ocrx_word' id='word_1_264' title='bbox 569 3854 708 3941; x_wconf 77' lang='lat' dir='ltr'><strong>jacentia</strong></span> <span class='ocrx_word' id='word_1_265' title='bbox 735 3857 910 3946; x_wconf 80' lang='lat' dir='ltr'><strong>neglectu,</strong></span> <span class='ocrx_word' id='word_1_266' title='bbox 948 3884 969 3926; x_wconf 92' lang='lat' dir='ltr'><strong>a</strong></span> <span class='ocrx_word' id='word_1_267' title='bbox 989 3860 1087 3929; x_wconf 87' lang='lat' dir='ltr'><strong>vobis</strong></span> <span class='ocrx_word' id='word_1_268' title='bbox 1109 3863 1263 3951; x_wconf 73' lang='lat' dir='ltr'><strong>exigant.¹</strong></span> 
     </span>
     <span class='ocr_line' id='line_1_36' title="bbox 216 3953 1315 4049; baseline 0.011 -28"><span class='ocrx_word' id='word_1_269' title='bbox 216 3953 321 4046; x_wconf 88' lang='lat' dir='ltr'><strong>Quod</strong></span> <span class='ocrx_word' id='word_1_270' title='bbox 339 3957 403 4022; x_wconf 91' lang='lat' dir='ltr'><strong>uti·</strong></span> <span class='ocrx_word' id='word_1_271' title='bbox 414 3957 580 4039; x_wconf 77' lang='lat' dir='ltr'><strong>feceritis,</strong></span> <span class='ocrx_word' id='word_1_272' title='bbox 602 3958 650 4025; x_wconf 83' lang='lat' dir='ltr'><strong>sic</strong></span> <span class='ocrx_word' id='word_1_273' title='bbox 668 3969 704 4023; x_wconf 88' lang='lat' dir='ltr'><strong>et</strong></span> <span class='ocrx_word' id='word_1_274' title='bbox 716 3957 815 4026; x_wconf 84' lang='lat' dir='ltr'><strong>nobis</strong></span> <span class='ocrx_word' id='word_1_275' title='bbox 831 3959 1058 4047; x_wconf 81' lang='lat' dir='ltr'><strong>docentibus,¹</strong></span> <span class='ocrx_word' id='word_1_276' title='bbox 1071 3974 1106 4029; x_wconf 86' lang='lat' dir='ltr'><strong>ct</strong></span> <span class='ocrx_word' id='word_1_277' title='bbox 1122 3964 1257 4041; x_wconf 61' lang='lat' dir='ltr'><strong>ducem</strong></span> <span class='ocrx_word' id='word_1_278' title='bbox 1306 4039 1315 4049; x_wconf 39' lang='lat'><strong>„</strong></span> 
     </span>
    </p>
   </div>
   <div class='ocr_carea' id='block_1_11' title="bbox 70 4049 1207 4152">
    <p class='ocr_par' dir='ltr' id='par_1_13' title="bbox 70 4049 1207 4152">
     <span class='ocr_line' id='line_1_37' title="bbox 70 4049 1207 4152; baseline 0.017 -33"><span class='ocrx_word' id='word_1_279' title='bbox 70 4095 78 4119; x_wconf 67' lang='lat' dir='ltr'><strong>t</strong></span> <span class='ocrx_word' id='word_1_280' title='bbox 212 4056 304 4126; x_wconf 70' lang='lat' dir='ltr'><strong>tinus</strong></span> <span class='ocrx_word' id='word_1_281' title='bbox 323 4057 427 4150; x_wconf 32' lang='lat' dir='ltr'><strong>vobis,</strong></span> <span class='ocrx_word' id='word_1_282' title='bbox 442 4059 565 4127; x_wconf 87' lang='lat' dir='ltr'><strong>laboris</strong></span> <span class='ocrx_word' id='word_1_283' title='bbox 579 4057 707 4152; x_wconf 82' lang='lat' dir='ltr'><strong>optime</strong></span> <span class='ocrx_word' id='word_1_284' title='bbox 723 4062 888 4132; x_wconf 81' lang='lat' dir='ltr'><strong>constabit</strong></span> <span class='ocrx_word' id='word_1_285' title='bbox 899 4049 999 4142; x_wconf 56' lang='lat' dir='ltr'><strong>&#39;ratim</strong></span> <span class='ocrx_word' id='word_1_286' title='bbox 1048 4085 1050 4089; x_wconf 76' lang='grc'>’</span> <span class='ocrx_word' id='word_1_287' title='bbox 1096 4084 1115 4136; x_wconf 73' lang='grc' dir='ltr'><strong>’ἶ</strong></span> <span class='ocrx_word' id='word_1_288' title='bbox 1205 4102 1207 4107; x_wconf 38' lang='lat' dir='ltr'>s</span> 
     </span>
    </p>
   </div>
   <div class='ocr_carea' id='block_1_12' title="bbox 0 0 1361 4636">
    <p class='ocr_par' dir='ltr' id='par_1_14' title="bbox 0 0 1361 4636">
     <span class='ocr_line' id='line_1_38' title="bbox 0 0 1361 4636; baseline 0 0"><span class='ocrx_word' id='word_1_289' title='bbox 0 0 1361 4636; x_wconf 95' lang='lat' dir='ltr'><strong> </strong></span> 
     </span>
    </p>
   </div>
  </div>
 </body>
</html>
