2708 4636
686 35 811 135 ι’.

516 353 604 371 ..-
656 318 699 408 94
751 332 876 374 ...a

159 501 265 586 hujus
293 494 365 561 viri
393 507 474 559 cum
501 491 593 581 apud
618 489 857 572 Crotonenses,
886 501 962 557 tum
981 513 1044 581 per
1065 517 1207 566 omnem

140 636 145 644 ·
159 602 293 690 Italiam
306 596 408 663 fuerit
427 594 624 679 admiratio,
654 617 674 660 e
688 595 850 663 Cicerone
866 606 900 658 et
913 595 1044 660 iustino
1057 598 1138 665 licet
1148 601 1208 670 in·

139 700 329 790 telligere,
352 719 498 786 quorum
519 697 578 763 ill'e
602 700 710 764 multa
724 710 800 786 post
808 698 924 761 ‘secula
939 696 988 763 sio
1001 699 1048 763 ait
1059 701 1207 789 viguisse
1236 735 1240 738 ·

141 838 142 845 ι
160 808 450 899 Pythagoreorum
472 795 615 877 nomen,
637 812 676 865 ut
697 802 783 866 nulli
806 798 971 864 alii-docti
991 801 1205 890 viderentur,
1228 821 1231 826 “

161 912 248 976 alter
268 929 345 972 eum
369 903 635 991 disputationum
663 903 856 968 assiduitate
890 901 955 966 hoe
983 921 1205 976 consecutum

133 1018 135 1023 ’
161 1023 296 1099 narrat,
318 1018 358 1073 ut
377 1008 550 1080 matronae
570 1019 704 1071 auratas
728 1015 854 1086 vestes,
877 1015 1078 1092 caeteraque
1090 1010 1207 1098 digni.

159 1106 241 1180 tatis
250 1135 329 1177 suae
342 1118 553 1185 ornamenta,
575 1111 671 1174 velut
686 1108 910 1172 instrumenta
925 1108 1081 1175 luxuriae
1095 1113 1203 1202 depo.

159 1214 315 1306 nerent,
337 1235 444 1298 euque
461 1210 589 1277 ‘omnia
619 1211 727 1275 delata
745 1210 781 1273 in
799 1211 954 1280 iunonis
968 1212 1107 1296 aedem,
1135 1216 1200 1304 ip‘si

94 1346 98 1357 ·
160 1319 243 1384 deae
263 1326 515 1396 consecrarent,
543 1335 625 1401 prae
646 1334 681 1376 se
704 1310 865 1393 ferentes,
893 1335 977 1378 vera
999 1331 1202 1385 ornamenta

126 1403 128 1410 ἲ
157 1430 408 1486 matronarum¹
423 1417 633 1506 pudicitiam,
669 1408 737 1480 non
767 1426 877 1494 vestes
907 1437 999 1498 esse3
1032 1417 1202 1508 additque,

158 1531 399 1612 quumpostea
416 1521 603 1637 Metaponti
617 1518 822 1599 decessisset,
852 1540 897 1584 ex
912 1519 980 1603 ejus
993 1519 1096 1586 domo
1110 1534 1204 1589 tem-

158 1625 258 1712 plum
269 1623 418 1702 factum
440 1623 617 1710 ipsumque
632 1644 696 1708 pro
711 1622 783 1684 Deo
801 1622 929 1686 cultum
944 1642 1023 1686 csse.
1040 1622 1070 1709 *)
1102 1623 1201 1712 Quin

158 1727 261 1791 etiam
276 1723 313 1788 in
327 1724 420 1789 urbe
425 1723 556 1790 Roma
546 1722 710 1820 insignem
722 1722 800 1787 huie
814 1720 1014 1810 philosopho
1029 1722 1200 1792 honorem

156 1829 265 1895 fuisse
287 1816 461 1906 habitum,
482 1824 568 1890 illud
589 1825 678 1890 vel
668 1824 825 1931 suprimis
848 1843 1007 1907 magnum
1021 1832 1072 1888 est
1087 1827 1198 1892 docu-

157 1943 332 2012 mentum,
355 1927 444 2016 quod
465 1938 635 2012 tanquam
645 1920 886 2014 sapientissimo
904 1925 1112 1992 Graecorum
1126 1939 1198 1993 sta-

158 2044 252 2109 tuam
273 2031 324 2096 illi
342 2031 378 2094 in
399 2029 559 2096 cornibus
579 2030 707 2096 comitii
721 2028 845 2094 celebri
858 2020 931 2093 loco
948 2028 1109 2116 positam,
1131 2053 1198 2096 au-

158 2146 232 2201 ctor
244 2145 294 2198 est
307 2121 452 2214 Plinius,
466 2131 515 2221 **)
538 2129 736 2200 Plutarchus
750 2156 834 2209 vero
853 2144 886 2196 et
899 2131 982 2210 hoc,
1004 2128 1201 2219 praeterea-
1221 2173 1226 2179 ·

156 2260 224 2326 que
235 2235 319 2303 illud
336 2237 440 2302 tradit
453 2260 494 2301 ex
506 2236 727 2325 Epicharmo,
751 2237 982 2303 Romanorum
998 2234 1098 2300 illum
1113 2237 1200 2303 civi.

141 2340 219 2427 ¹tati
236 2339 443 2425 adscriptum
461 2339 579 2418 fuisse,
596 2335 660 2424 ***)
683 2349 730 2401 ut
743 2339 889 2402 nullum*
900 2333 1052 2423 profecto
1074 2338 1116 2403 sit
1131 2340 1200 2404 du-

155 2444 273 2526 bium,
294 2442 378 2528 quin
390 2440 497 2504 isthac
517 2439 673 2506 carminis
688 2438 843 2507 Ouidiani
859 2449 956 2527 parte
970 2438 1116 2504 Romani
1130 2443 1200 2509 mi.

155 2544 252 2614 rifice
265 2542 396 2608 fuerint
408 2542 572 2607 oblectati.

122 2691 123 2694 κ
136 2719 140 2723 ,
174 2694 177 2701 .
226 2711 228 2716 ,
241 2647 281 2710 In
294 2655 387 2709 tanta
399 2643 502 2730 igitur
514 2645 615 2731 hujus
628 2642 825 2734 philosophi
837 2643 1070 2726 admiratione,
1087 2647 1198 2712 multa

142 2745 284 2838 ⁴purtim
303 2745 505 2832 singularia,
527 2747 651 2836 partim
667 2747 773 2813 etiam
796 2747 910 2845 inepta
933 2745 1079 2811 etafide
1092 2767 1208 2836 prore

156 2872 214 2917 sus
240 2849 463 2916 abhorrentia
481 2851 523 2916 de
546 2852 604 2925 illo
625 2850 857 2937 antiquitatem
873 2844 1046 2933 vulgasse,
1068 2851 1198 2934 nemini

153 2965 245 3019 certe
257 2954 385 3020 mirum
400 2966 459 3020 aut
471 2953 844 3043 inexpectatumvideri
859 2952 968 3019 debet.
999 2951 1086 3041 Quis
1104 2954 1195 3018 enini

153 3054 221 3122 fuit
235 3057 396 3122 'omnium
418 3057 570 3140 gentium
592 3069 693 3144 atque
714 3068 861 3122 aetatum
875 3056 930 3119 vir
943 3075 1066 3142 magna
1080 3056 1196 3119 nomi·

153 3158 206 3224 nis
226 3159 438 3243 celebritate,
461 3158 517 3225 cui
539 3181 611 3224 non
630 3158 735 3246 magis
752 3171 810 3225 aut
825 3159 940 3225 minus
953 3158 1019 3223 hoc
1033 3157 1192 3224 accidisse

171 3480 175 3485 -
214 3435 314 3495 adhuc
332 3437 489 3511 Polycratis
515 3441 696 3511 tyrannidem
719 3442 815 3499 animo
841 3432 1077 3517 prospicientem,
1103 3455 1212 3496 noctu.

222 3522 295 3580 elam
310 3523 443 3579 omnibus
456 3525 489 3579 ad
508 3527 712 3602 Pherecydem,
730 3527 988 3592 Anaximandrffum
1016 3544 1048 3581 ac
1069 3525 1194 3612 denique

147 3625 149 3631 '
194 3609 355 3690 ¹Miletum
370 3611 404 3666 ad
420 3611 565 3668 Thaletem
585 3616 739 3700 trajecisse,
757 3634 789 3668 ιιι
800 3634 859 3686 ejus
879 3616 992 3670 vitan.
1007 3629 1111 3668 nar1·.at
1136 3607 1193 3668 Cf·

219 3697 669 3764 APULEtUsFlo1id012L.11.
689 3699 920 3796 subdu-Neque
940 3700 1193 3773 tamenrpselom·

191 3815 193 3819 ν
218 3780 333 3839 bliehns
346 3784 459 3840 alteram
472 3785 551 3843 illam
567 3787 730 3862 opinionem
748 3786 898 3863 ignoravit
935 3786 978 3840 Cf.
995 3786 1038 3842 Id.
1051 3797 1103 3857 38..

101 3920 116 3926 ..
145 3865 209 3953 ἰ.)
227 3885 366 3946 crcuuo
386 3891 470 3944 rusa.
491 3895 632 3964 quassas
646 3889 739 3945 ιι.
751 3887 907 3946 rusrrn.
925 3890 989 3949 xx
1007 3898 1034 3956 ι

182 3989 245 4059 if)
240 3974 340 4043 thur.
358 3989 425 4059 ltist.
446 3995 479 4048 L
498 3995 632 4056 XXXIV
652 4013 675 4052 c.
692 3948 726 4061 6.

163 4093 237 4164 Ν)
256 4096 290 4148 Ιιι
308 4093 366 4150 vita
383 4084 503 4179 Numae.
