2708 4636
551 338 880 407 -258—

192 529 258 600 att,
276 514 373 607 'quod
391 513 478 580 deus
493 510 678 582 'obtimum
695 511 835 604 pangit·
884 510 930 579 At
943 509 1111 578 Christus
1124 509 1253 579 Muul.

191 616 338 698 XXVI,
347 616 398 682 28.
413 619 574 705 poculum
586 617 759 704 discipulis
773 614 961 704 porrigens,
976 613 1074 684 τοῦτο’
1096 622 1185 696 ἔστι,-
1197 617 1252 689 iu·

192 726 275 812 quil,
296 721 333 789 ro*
348 720 425 804 αἷμά
437 732 498 805 psov
514 719 552 788 td
563 724 617 799 τῆς
632 724 740 798 καινῆς
752 716 917 796 διαθήκης.
944 716 1005 783 En
1020 717 1084 784 hic
1096 732 1157 785 esd
1172 744 1250 786 soo-

188 828 272 918 guis
286 846 395 901 meus,
411 825 564 914 sanguis
574 824 655 889 novi
661 821 831 912 foederis.
876 819 939 886 llio
951 819 1067 905 igitur
1079 843 1130 886 ex
1144 823 1250 889 Erue-

191 929 235 994 sti
251 940 433 1015 praecepto
444 941 592 1012 uterque
605 928 707 1002 locus,
722 937 895 1014 ,quatemus
908 923 1006 986 atter
1022 924 1142 989 atteri
1155 925 1249 991 simi·

190 1033 238 1099 lis
259 1043 323 1109 est,
345 1027 485 1119 proprie
506 1030 572 1094 erit
588 1026 835 1110 intelligendus.
880 1026 971 1091 Ante
992 1025 1123 1091 omnia
1140 1025 1248 1114 itaque

191 1132 384 1222 quaeritur,-
403 1154 474 1218 qua
490 1131 529 1196 in
551 1154 591 1195 re
610 1131 673 1194 ista
693 1129 879 1195 similitudo
899 1128 993 1192 insit·
1044 1127 1117 1194 llio
1137 1126 1260 1195 ou'tem·

189 1238 315 1324 duplex
330 1233 518 1300 similitudo
530 1231 667 1320 cogitari
683 1243 802 1319 potest,
825 1252 974 1317 quarum
986 1230 1107 1297 ultera
1119 1233 1160 1297 in
1171 1254 1246 1301 ver*

142 1410 157 1416 ,,
189 1338 253 1416 bis,
274 1338 380 1404 altera
393 1338 430 1402 iu
444 1335 545 1402 rebus
557 1336 663 1400 inest'
699 1336 801 1424 Quae
815 1336 852 1401 in
865 1333 980 1398 verbis
993 1329 1102 1414 inest,
1118 1358 1162 1401 eo
1176 1347 1243 1402 tun-

188 1454 265 1508 tum
280 1439 401 1504 nititur
412 1436 608 1519 similitudo,
625 1439 717 1524 quod
733 1437 913 1521 utrobique
928 1439 1084 1525 sanguis
1096 1444 1245 1507 oomme'*

189 1551 357 1610 moratur.
400 1542 476 1606 Jam
488 1540 518 1604 si
533 1539 621 1606 dicas
633 1542 720 1623 ideo,
739 1543 829 1630 quod
843 1543 949 1605 altero
961 1540 1045 1604 loco
1060 1553 1179 1630 aperto
1186 1564 1244 1610 ve„

188 1669 250 1712 rus
269 1643 405 1729 sanguis
431 1659 738 1729 commemoretur,
782 1645 884 1709 etiam
900 1641 1010 1720 altero
1031 1668 1153 1711 venun
1161 1664 1238 1710 saud

187 1748 327 1836 guinem
343 1743 597 1829 intelligendum
618 1769 708 1831 esse,
731 1769 855 1812 vorum
877 1744 942 1808 erit
962 1745 1064 1829 quod
1076 1766 1169 1832 supra
1180 1745 1230 1809 di·

86 1871 91 1885 ’
187 1851 316 1925 ximus,
338 1846 501 1932 quoniam
514 1847 611 1933 panis
632 1848 689 1912 ille
705 1847 864 1928 coelestis,
887 1868 994 1932 quem
1011 1849 1093 1913 deus
1105 1841 1226 1913 Israeli-⁸

187 1952 229 2017 tis
248 1950 286 2014 iu
304 1950 437 2014 deserto
457 1947 569 2031 dedit,
591 1955 700 2015 verus
715 1949 814 2038 panis
834 1972 894 2015 seu
914 1949 1013 2015 cibus
1034 1950 1120 2031 fuit,
1137 1949 1232 2015 etism

186 2051 690 2121 illumverumexistimandum
702 2075 785 2135 esse,
798 2074 899 2139 quem
914 2053 1080 2120 Christus
1094 2077 1132 2120 se
1144 2054 1238 2120 datu·-

62 2212 67 2227 ,
186 2180 267 2228 rum
289 2153 468 2246 promittit.
512 2153 606 2220 siin
623 2178 663 2221 re
676 2156 766 2222 inest
786 2154 990 2235 similitudo,
1015 2159 1055 2222 in
1073 2179 1117 2224 eo
1135 2154 1236 2232 inerit,

187 2261 281 2350 quod
296 2272 440 2347 utroque
450 2258 525 2323 loco
544 2260 635 2324 ritus
656 2270 944 2324 commemoratur
961 2258 1156 2326 sanciendi
1164 2259 1238 2352 foe*

186 2365 293 2432 deria.
336 2364 351 2427 l
354 2365 374 2427 d
389 2362 493 2447 igitur
509 2359 574 2423 en't
586 2361 728 2425 tertium
746 2362 1022 2448 comparationis,
1044 2365 1143 2429 ultra
1157 2359 1238 2450 quod

185 2465 473 2554 progrediendum
492 2482 562 2526 non
577 2462 640 2528 sit.
683 2462 765 2552 Quo
777 2464 884 2552 posito
900 2465 987 2531 illud
1001 2486 1121 2532 unum
1132 2488 1154 2530 e
1166 2487 1238 2531 ver·
1264 2472 1267 2479 '

185 2568 239 2632 bis
264 2565 392 2628 Christi
415 2563 574 2649 emergit,
606 2575 655 2643 ut,
676 2567 961 2651 quemadmodum
983 2568 1072 2632 olim
1084 2567 1235 2634 victimae

187 2667 352 2753 sanguine
376 2665 418 2727 ad
445 2665 724 2730 consuetudinem
755 2679 913 2734 veterum
942 2669 1164 2757 populorum
1189 2668 1237 2734 dei

187 2791 267 2837 cum
281 2765 442 2833 Israelitis
454 2764 572 2831 foedus
593 2767 700 2834 fuerit
718 2770 901 2855 sancitum,
923 2773 971 2836 ita
987 2770 1097 2837 etiam
1111 2792 1237 2837 novum

185 2871 243 2938 dei
257 2894 336 2937 oum
351 2870 502 2935 humano
516 2891 641 2955 genere
646 2870 778 2960 foedus
795 2872 901 2961 ipsius
918 2873 1049 2940 Christi
1063 2888 1236 2966 tamquam

183 2974 344 3047 ,victimae
364 2973 527 3060 sanguine
539 2966 687 3062 'profuso
707 2977 874 3042 sarmitum
888 2977 1058 3043 videatur.
1158 3030 1163 3035 .
1255 3010 1258 3027 =

196 3112 212 3135 :.
271 3077 329 3155 At,
343 3077 514 3161 inquiunt,
537 3076 690 3144 Christos
702 3081 821 3146 vinum
835 3079 1013 3168 porrigens
1029 3083 1236 3172 sanguim

180 3186 285 3246 amm
307 3177 464 3264 adpellat
513 3178 674 3268 Adpellot
693 3206 791 3249 sane:
823 3182 882 3247 sed
905 3205 945 3248 ea
966 3183 1141 3252 orationis
1162 3206 1239 3275 pm

179 3284 254 3370 jum
274 3279 412 3346 tertium
436 3280 525 3347 illud
546 3283 824 3368 comparationis,
846 3309 913 3374 quo
933 3286 1097 3353 locorum
1118 3290 1236 3357 nitimr

179 3382 383 3462 similitudo,
405 3383 497 3449 haud
517 3382 671 3468 adtingit.
713 3386 789 3453 Nou
808 3388 911 3476 igitur
926 3390 1055 3472 vident,
1078 3394 1145 3476 qui
1159 3410 1240 3460 vers

89 3517 94 3531 =
179 3485 225 3551 ba
238 3483 365 3551 Christi
383 3495 462 3552 ou'm
476 3488 535 3552 illo
549 3486 658 3551 Paulli
680 3487 722 3551 ad
736 3488 908 3557 Hebraeos
928 3494 1007 3559 loco
1020 3486 1235 3562 contenden-

179 3599 233 3654 tes
252 3589 632 3657 consubstantiationem
655 3613 728 3655 sese
748 3593 952 3659 stabilituros
972 3586 1122 3683 putant,
1156 3596 1238 3688 quid·

179 3688 268 3756 iuter
282 3705 468 3780 utrumque
481 3690 626 3772 differat,
644 3715 750 3780 eaque
764 3694 854 3762 inter
871 3721 906 3762 se
921 3711 1136 3786 comparant,
1150 3718 1237 3790 quo-t

179 3813 261 3856 rum
273 3795 402 3858 diversa
428 3807 478 3859 est
493 3794 591 3859 ratio.
624 3794 807 3862 Nimirum
822 3799 952 3865 Christi
967 3802 1076 3866 oratio
1088 3826 1120 3868 ει
1109 3805 1233 3894 plens

181 3890 355 3973 offeratur,
377 3894 446 3960 duo
459 3888 594 3962 habet
580 3897 766 3981 enuntiata,
788 3922 935 3988 quorum
951 3901 1125 3971 alterum
1113 3920 1165 3975 1ts
1177 3931 1233 3976 so·

178 4001 257 4057 nott
281 3993 369 4060 τοῦτο
384 4025 419 4064 ro
434 3998 666 4087 ποτήριόνίστι
682 4000 718 4071 ro*
730 4033 762 4070 αι
751 4003 808 4088 ἷμά
819 4029 895 4087 μου,
919 4005 1068 4072 allorum
1084 3994 1231 4077 honusti
1251 4024 1258 4033 ’

117 4078 222 4167 sd
233 4091 324 4181 αἷμά
330 4122 393 4185 μου
385 4094 686 4188 'inurendus
640 4132 713 4186 sue
722 4130 830 4188 mne
846 4105 1006 4189 διαθήκης.
1051 4110 1092 4178 lu
1115 4113 1232 4181 vorbis
