2708 4636
568 369 872 435 ...5.-

192 526 294 594 nlmis
323 525 515 617 vulgarem,
553 535 613 589 aut
644 519 813 589 adfectata
840 520 1039 593 difficultate
1061 498 1248 618 habituque

192 651 317 720 parum
331 625 479 694 naturali
489 625 687 694 offendunt:
706 647 853 711 quorum
871 631 1017 697 alterum
1030 652 1075 698 ex
1092 629 1246 698 infirmi.
1282 690 1288 707 ,
1325 636 1328 660 ¹

143 754 147 779 ¹
193 745 261 797 tate
282 734 480 817 languorem
501 726 633 810 adfert,
655 728 801 796 alterum
820 729 918 798 irrito
940 732 1117 800 conamine
1139 755 1245 823 expe-

192 835 373 902 ctationem
388 831 578 898 frustratur.
616 831 771 899 Tandem
789 853 877 921 quae
891 835 973 900 etin
984 859 1020 901 se
1033 859 1116 904 vcra
1132 847 1244 911 111511,-
1287 870 1290 877 ·

193 947 362 1025 quaeunt,
375 958 486 1022 neque
499 934 537 1001 in
550 932 662 1006 sesana
677 936 746 1003 ulla
762 958 805 1002 ex
820 946 917 1026 parte
932 935 1099 1020 deficiunt,
1126 950 1244 1007 tamen

189 1041 266 1107 loco
284 1062 356 1106 non
376 1062 438 1107 suo
460 1038 549 1107 dicta
576 1039 614 1108 in
633 1039 823 1107 maximam
850 1036 1032 1106 incurrunt
1051 1038 1242 1129 reprehen-

190 1145 334 1210 sionem.
709 1216 712 1223 ,
789 1216 792 1223 ,

274 1245 405 1313 Veritas
425 1248 647 1342 quidem'ipsa
661 1247 816 1339 quamvis
831 1270 896 1338 per
908 1270 945 1314 se
956 1267 1081 1337 parum
1095 1247 1139 1316 ad
1152 1247 1241 1337 pul-

191 1347 419 1418 chritudinem
440 1355 571 1439 valeat,
600 1367 715 1420 tamen
735 1349 889 1441 profecto
913 1347 977 1416 nisi
994 1347 1096 1437 quod
1118 1372 1242 1417 verum

192 1451 254 1536 sit,
273 1454 457 1542 pulchrum
474 1478 545 1520 esse
568 1453 655 1521 nihil
677 1451 816 1521 omnino
834 1465 957 1545 potest.
1014 1454 1131 1543 Itaque
1158 1451 1242 1520 falsa

190 1556 304 1622 omnia
327 1556 463 1623 nonnisi
485 1555 649 1645 tantisper
671 1557 815 1645 placent,
837 1555 950 1644 quoad
966 1579 1084 1623 errore
1100 1554 1239 1646 quidem

187 1657 300 1744 aliquo
322 1682 388 1748 pro
408 1657 499 1724 veris
517 1658 706 1740 habentur,
729 1670 848 1744 aperto
872 1669 987 1724 autem
1000 1658 1059 1727 illd
1076 1683 1156 1730 cum
1170 1657 1240 1741 fide
1265 1718 1268 1723 .

189 1760 293 1826 simul
313 1759 476 1826 amittunt
489 1760 632 1850 speciem
645 1758 914 1849 pulchritudinis.
959 1756 1064 1850 quue*
1078 1758 1154 1829 fieri
1173 1758 1239 1825 ali-
1264 1792 1267 1799 ·

188 1875 243 1928 ter
265 1886 345 1928 sane
362 1883 433 1926 non
456 1875 579 1951 potest.
624 1862 729 1954 Quod
756 1862 848 1930 enim
870 1863 1008 1948 falsum,
1029 1864 1121 1933 idem
1135 1864 1240 1931 inane

188 1977 296 2048 atque.
310 1962 397 2028 nihil
416 1975 472 2026 est.
521 1965 653 2032 Earum
682 1977 797 2031 autem
822 1965 1070 2055 adfectionum,
1113 1965 1238 2055 quihus

189 2063 318 2180 aliquid
342 2086 413 2128 esse
434 2063 591 2150 ponitur,
613 2068 708 2131 nulla
733 2068 848 2134 locum
879 2070 1006 2135 hahere
1029 2081 1140 2159 potest
1171 2064 1237 2135 nisi

185 2167 224 2232 in
240 2188 280 2229 eo
295 2163 415 2251 quod
405 2187 549 2279 ipsum
540 2178 591 2230 est
611 2165 754 2252 aliquid:
791 2166 884 2231 unde
909 2167 1079 2253 efficitur,
1092 2181 1133 2236 ut
1152 2171 1236 2259 51111-

188 2270 313 2335 chrum
333 2265 460 2332 censeri
475 2266 540 2333 nisi
531 2264 649 2385 quod
666 2288 787 2333 verum
802 2267 846 2334 sit
859 2267 947 2332 nihil
963 2271 1075 2355 possit.
1118 2271 1238 2356 Neque
1264 2344 1267 2351 ,
1301 2294 1304 2301 ·

186 2393 248 2457 ego
273 2392 365 2434 nunc
393 2356 475 2436 falsa
494 2347 580 2453 di'co,
603 2390 750 2457 quorum
769 2368 879 2436 simile
893 2366 1005 2447 nihil
994 2393 1031 2435 111
1049 2371 1152 2437 rebus
1171 2368 1238 2439 illis

186 2493 275 2561 quae
287 2469 436 2537 existunt
450 2471 736 2565 deprehendatur,
757 2471 870 2561 qualia
885 2471 993 2561 poetis
1005 2473 1085 2540 licet
1097 2454 1237 2575 quidem
1275 2540 1276 2544 ,

182 2575 265 2643 illis
274 2573 435 2661 effingere
461 2574 588 2656 multa,
615 2575 700 2669 quin
728 2574 842 2664 potius
864 2575 1021 2642 existimo
1043 2575 1121 2659 illa,
1149 2596 1237 2663 quae

98 2680 105 2695 '
182 2676 365 2744 falsitatem
387 2675 541 2740 habent
532 2689 721 2759 internam,
742 2679 791 2744 itu
804 2690 852 2745 ut
876 2703 1006 2766 neque
1002 2676 1180 2766 phantasia
1194 2700 1235 2745 ea

183 2777 273 2845 tucri
288 2798 398 2865 neque
410 2800 505 2842 mens
519 2779 720 2865 cogitatione
734 2781 1025 2894 comprehendere
1040 2778 1156 2894 possit.

268 2872 472 2967 Hujusrnodi
495 2903 575 2946 vero
595 2904 650 2947 res
671 2893 704 2946 et
726 2880 786 2968 qui
807 2879 930 2949 dicunt
947 2893 981 2946 et
1002 2904 1062 2971 qur
1052 2881 1233 2971 probant,

177 2974 275 3052 xcerte
288 2981 325 3049 id
336 2970 477 3048 faciunt
472 2982 619 3048 vernans
632 2982 894 3099 quadsmspecie
902 2995 1003 3071 atque
1014 2983 1233 3051 similitudine

181 3070 327 3175 decepti.
348 3085 461 3173 Atque
473 3085 538 3152 hoc
553 3084 687 3174 turpius
702 3085 797 3152 ineo
808 3106 932 3171 genere
947 3097 997 3150 est
1010 3087 1145 3171 vitium,
1163 3109 1233 3175 quo

181 3189 291 3256 levior
312 3178 365 3252 esl
387 3185 613 3253 similitudinis
642 3187 785 3276 species,
815 3209 951 3275 quoque
970 3188 1102 3276 longius
1125 3191 1233 3282 petita

151 3328 154 3339 ·
181 3289 269 3356 ratio
285 3289 356 3375 ejus
373 3288 463 3375 quod
477 3290 603 3354 dicitur
615 3300 676 3355 aut
691 3289 842 3383 fingitur.
878 3292 969 3358 Inest
985 3303 1101 3357 autem
1117 3290 1230 3358 omnis

182 3390 368 3462 similitudo
387 3388 474 3456 vel
464 3412 500 3455 111
514 3380 615 3467 rebus
628 3389 709 3456 vel
698 3414 736 3456 1n
749 3389 875 3458 verbis.
913 3391 1013 3458 Prius
1027 3390 1112 3456 illud
1123 3414 1231 3479 genus

122 3509 126 3516 ’
182 3518 264 3585 prae
276 3490 456 3584 posteriori
472 3502 565 3558 tanto
579 3490 785 3581 paratiorem
798 3492 923 3575 habere
936 3493 1076 3559 videtur
1088 3516 1231 3560 excusa·

182 3593 328 3678 tionem,
350 3607 477 3680 quanto
501 3595 635 3666 facilior
659 3615 730 3658 esse
753 3594 850 3661 debet
871 3618 988 3661 rerum
1008 3594 1112 3662 etiam
1135 3596 1230 3664 dissi-

116 3772 119 3777 ,
184 3643 407 3773 millimsirum
429 3696 472 3762 ob
487 3695 713 3764 similitudinis
733 3696 919 3785 quamdam
953 3694 1101 3793 speciem
1128 3720 1231 3785 quam

182 3809 326 3890 propter
345 3797 481 3865 inanem
507 3798 694 3903 verborum
715 3822 839 3867 sonum
861 3798 1254 3888 11111111516111111111115).1

182 3901 251 3971 Sed
271 3922 468 3991 quanquam
486 3901 595 3975 omnis
607 3896 714 3981 circa
734 3904 847 3971 verba
854 3902 1022 3971 aberratio
1036 3901 1139 3970 hahet
1149 3927 1231 3995 per

182 3999 335 4071 inultum
356 4025 435 4069 sane
455 4003 619 4089 lenitatis,
640 4016 758 4085 tamen
770 4020 804 4076 et
823 4005 860 4076 in
881 4005 1103 4100 illapaqte
1059 4006 1232 4073 interdum

185 4102 350 4175 tantaest
371 4105 533 4193 peccandi
552 4057 800 4199 imprudentia,
821 4110 862 4176 ut
878 4111 937 4178 vel
950 4109 1100 4178 maxime
1112 4108 1231 4200 pueris
1261 4160 1265 4183 .
