2708 4636
466 308 832 382 '·····79····

150 466 221 536 alio
234 465 308 533 rel
336 465 378 533 ad
399 463 534 535 landem
555 464 610 533 vel
630 466 673 533 ad
694 464 959 559 excusationem.
1010 464 1111 556 Quae
1136 488 1192 534 res
1242 488 1249 498 ’

148 582 247 639 tanto
262 569 326 637 erit
339 568 546 636 fructuosior
561 569 603 635 ad
621 569 796 655 judicium,
816 568 944 658 quanto
957 581 992 635 et
1005 569 1193 659 expeditior

150 684 204 741 est
224 684 259 739 et
277 672 477 741 luculentior
498 693 578 738 cum
603 671 769 739 virtutum
794 683 867 758 tum
881 673 1042 739 vitiorum
1056 658 1192 738 incon·

148 776 264 843 uariis
280 773 445 862 exemplis
460 796 563 861 quam
576 795 639 863 per
653 798 690 839 se
704 773 936 859 intelligentia.
977 773 1096 863 Neque
1108 773 1193 842 inu-

147 877 355 956 tile-fuerit,
376 876 551 957 interdum
571 876 770 962 magistrum
784 877 1020 964 explorantem
1037 878 1194 967 discipuli

145 980 359 1072 profectum,
381 977 558 1047 deterioris
570 1002 703 1047 caussae
719 978 946 1069 patrocinium
959 978 1133 1059 simulare,
1157 993 1192 1049 et
1213 1012 1216 1025 =

147 1096 211 1153 eut
223 1105 313 1171 quae
328 1077 467 1170 probet,
489 1080 677 1148 rationibus
692 1080 910 1169 impugnare,
933 1093 991 1147 aut
1007 1082 1192 1149 defendere

113 1229 121 1235 -
148 1208 189 1271 ea
204 1206 293 1273 quae
310 1196 399 1250 recte
415 1184 555 1253 minime
570 1181 707 1248 defendi
722 1206 819 1272 posse
833 1185 906 1272 ipse
920 1182 1095 1270 intelligat
1139 1186 1191 1252 Ita
1275 1218 1280 1229 ·

147 1287 288 1369 demum
309 1287 387 1355 satis
409 1288 538 1359 Qum
559 1285 634 1368 fiet,
657 1299 823 1372 quantum
835 1286 892 1353 ille
906 1286 975 1353 suis
991 1287 1110 1374 opibus
1128 1307 1193 1355 va-

145 1391 234 1470 teat,
261 1412 347 1477 quae
375 1392 431 1458 vel
461 1391 575 1458 audita
602 1389 725 1456 leviter
749 1388 951 1479 adripuerit,
979 1389 1035 1454 vel
1054 1389 1192 1478 penitus

146 1493 266 1571 tamn
288 1501 531 1582 perspectaque
552 1492 589 1558 in
612 1513 687 1556 rem
710 1514 806 1558 suam
825 1493 1038 1560 converterit
1080 1493 1192 1560 Deni-

145 1618 216 1686 que
238 1610 270 1663 et
281 1597 365 1663 illud
379 1595 558 1675 suadeam,
581 1605 620 1658 ut
631 1592 761 1684 saepius
776 1594 868 1661 hunc
881 1594 917 1661 in
930 1595 1069 1662 modum
1084 1619 1192 1673 erer-

148 1699 287 1782 citatus,
308 1697 453 1765 subinde
469 1717 609 1763 omnem
623 1717 717 1760 suam
733 1695 776 1760 de
791 1696 867 1765 loco
880 1696 993 1786 aliquo
1007 1698 1192 1788 insigniore

146 1800 350 1884 sententiam
365 1800 472 1886 signet
484 1799 573 1876 stilo,
595 1808 630 1863 et
649 1795 733 1886 quid
746 1818 812 1884 qua
826 1800 867 1866 de
879 1824 980 1869 causa
992 1800 1055 1866 sibi
1070 1802 1190 1869 videa-

145 1915 221 1983 tur,
237 1902 405 1993 adcurate
419 1912 461 1965 et
481 1900 618 1987 copiose
640 1898 837 1988 perscribat.
883 1900 965 1992 Quo
988 1925 1112 1990 genere
1124 1927 1190 1974 exe·

148 2003 355 2085 eicitationis
378 2021 458 2065 cum
478 2002 680 2077 adomnem
699 2003 737 2067 in
759 2001 879 2069 litteris
900 2001 1091 2092 profectum
1105 2008 1192 2079 nihil

148 2107 195 2171 sit
210 2100 335 2180 utilius,
360 2111 433 2166 turn
446 2097 627 2189 praecipue
640 2099 677 2163 in
691 2101 754 2165 hac
766 2122 867 2166 causa
882 2102 959 2168 fieri
973 2107 1093 2172 melius
1104 2107 1193 2177 nihil

145 2204 272 2298 potest.
314 2182 403 2269 Nam
420 2221 507 2285 quae
522 2219 679 2264 sermone
693 2208 828 2266 tantum
843 2201 1049 2283 disserimus,
1071 2230 1111 2272 ea
1123 2230 1191 2273 ne-

147 2327 216 2401 que
230 2303 351 2371 ordine
365 2299 443 2369 satis
458 2307 491 2367 et
505 2298 615 2368 verbis
633 2300 806 2368 interdum
818 2301 960 2368 minime
975 2305 1063 2391 aptis
1078 2308 1191 2396 expli-

145 2429 282 2488 camus,
302 2403 395 2473 unde
419 2403 515 2473 facile
538 2403 655 2472 existit
674 2424 789 2471 rerum
803 2398 1050 2492 notionemque
1066 2409 1193 2478 confu-

144 2512 194 2580 sio
216 2522 277 2578 aut
299 2506 523 2602 permutatio,
544 2508 660 2589 judicii
679 2510 732 2574 vel
749 2509 932 2596 elegantiae
948 2509 999 2574 vel
1012 2510 1193 2581 subtilitati

146 2615 338 2706 plurimum
353 2609 526 2679 obfutura
571 2608 671 2703 Quae
687 2624 800 2679 autem
817 2612 1006 2696 scribimus,
1030 2637 1069 2680 ea
1081 2626 1114 2681 et
1126 2639 1191 2736 per

149 2739 185 2784 se
210 2714 437 2805 ponderamus
461 2714 668 2801 diligentius,
696 2716 881 2805 propterea
896 2715 1013 2800 quod
1003 2719 1190 2806 rmpensius
1248 2767 1263 2783 κ

119 2812 299 2909 'displicet
327 2818 447 2885 litteris
477 2817 634 2883 mandata
662 2840 764 2932 quam
787 2817 1041 2904 praetervolans
1067 2840 1189 2890 aurem

144 2920 348 3013 disputandi,
363 2917 521 3006 futilitas,
540 2990 543 2999 ¹
564 2917 694 3007 etquis
714 2920 846 2985 ratione
866 2919 985 2984 saltem
1006 2917 1190 2991 dicendum

144 3038 206 3106 est,
229 3025 300 3114 ipsa
315 3017 435 3090 meniis
449 3021 545 3108 rania
559 3019 742 3108 agitatione
757 3042 835 3086 cum
851 3020 893 3085 ad
909 3019 1090 3089 disserendi
1103 3047 1189 3092 acu·
1306 3064 1307 3077 κ

146 3147 227 3194 men
240 3146 467 3213 acquirimus
490 3134 565 3189 tum
584 3121 627 3188 ad
649 3122 932 3215 perspicuitatem.
1072 3194 1075 3199 ,

232 3229 284 3295 Ita
298 3251 378 3293 vero
394 3225 553 3293 hebitus'
543 3223 782 3319 institutusque
799 3223 989 3291 adolescens
1007 3239 1189 3316 antequam
1236 3318 1240 3324 .
1261 3248 1266 3261 “

145 3332 301 3400 animum
317 3351 387 3418 ipse
396 3328 436 3395 ad
447 3327 665 3417 scribendum
681 3327 837 3416 adpellat,
859 3339 994 3415 expetat
1009 3329 1190 3422 hominum

146 3433 393 3519 elegantiarum
412 3411 676 3546 politiorumque
701 3430 994 3512 consuetudinem,
1038 3455 1190 3518 quorum
1287 3464 1291 3474 “

116 3617 119 3621 ¹
144 3532 313 3621 frequenti
327 3559 392 3602 usu
406 3547 440 3601 et
461 3533 717 3600 conversatione
732 3555 868 3611 eorum,
891 3555 976 3621 quae
995 3531 1123 3600 discens
1136 3539 1189 3604 le·

144 3657 292 3726 gensque
307 3639 417 3705 adhuc
430 3636 634 3726 perceperit,
656 3644 787 3723 partem
808 3645 898 3700 certe
920 3634 1068 3700 firmabit
1088 3650 1189 3726 atque

144 3740 300 3831 perficiet
318 3741 428 3822 illam,
458 3765 544 3829 quae
567 3737 783 3827 elegantiam,
813 3735 1038 3827 urbanitatem
1064 3741 1189 3810 sollici-

142 3855 287 3930 tumque
301 3840 405 3929 magis
421 3869 498 3910 cum
516 3842 756 3908 sententiarum
773 3851 847 3906 tum
866 3838 1046 3907 verborum
1060 3859 1188 3931 spectat

146 3945 318 4015 dilectum.
361 3935 566 4041 Quanquam
588 3943 678 4010 enim
701 3943 791 4011 haud
812 3943 981 4032 ignorem,
1002 3968 1102 4011 sanae
1116 3949 1189 4015 elo·

147 4045 302 4136 quentiae
314 4056 348 4112 ct
367 4047 528 4116 naturalis
549 4045 816 4153 pulchritudinis
830 4046 976 4115 arbitros
991 4047 1027 4114 in
1046 4049 1103 4116 illa
1117 4051 1185 4119 ho-
