2708 4636
500 327 824 418 *79⁵*-

144 502 361 596 reperiamus·
404 500 620 590 Pythagorae
638 497 777 586 quidem
793 497 839 562 ita
853 495 989 579 accidit,¹
1012 504 1052 567 dt
1066 512 1118 567 tot
1132 524 1190 569 ree
1287 556 1290 567 ,

145 621 217 675 tam
225 605 401 687 absurdae,
416 615 499 690 quot
513 602 695 688 qualesque
710 600 822 665 nescio
840 621 884 665 an
898 602 968 666 ullo
981 604 1046 669 alio
1063 603 1106 669 de
1119 606 1188 671 ho-

144 712 248 790 mine,
262 707 449 774 memoriae
459 706 527 770 siut
535 703 703 793 proditae.
726 703 867 768 Caetera
879 704 1087 790 omittemus,
1100 709 1186 775 illud

145 797 284 879 uberius
305 807 549 895 explicandum
576 802 730 886 videtur,
752 806 843 889 quod
856 806 900 870 de
914 811 1187 878 coetuailentum

146 915 307 1004 dictoque
322 906 519 977 mirantum*
525 907 641 995 paucis
657 905 765 993 attigit
779 904 934 971 Ovidius.
978 901 982 906 ’

212 1141 214 1151 .
232 1083 397 1155 Videlicet
418 1081 506 1146 inter
518 1080 583 1146 alia
601 1080 727 1161 multa,
749 1075 901 1161 virtutis,
921 1076 1065 1167 ingenii,
1084 1096 1190 1173 atque

147 1210 285 1277 morum
301 1183 551 1271 experimenta,
573 1205 659 1270 quae
676 1206 696 1248 a
712 1179 882 1269 discipulis
896 1179 1111 1270 Pythagoras,
1123 1210 1194 1253 an«
1281 1226 1284 1244 .

81 1316 84 1320 ·
146 1306 284 1378 tequam
319 1308 459 1351 suorum
485 1282 597 1349 coetui
618 1282 904 1365 adscriberentur,
934 1286 1077 1371 ceperit,
1106 1286 1191 1356 illud

149 1395 251 1461 etiam
273 1390 378 1456 fuisse
400 1398 557 1467 narrant,
581 1397 618 1449 ut
638 1385 704 1450 illis
723 1384 876 1473 plurium
899 1389 1190 1457 annorumsilen-
1249 1385 1251 1389 ¹
1339 1457 1346 1475 ι

122 1498 254 1579 tium,
298 1493 388 1581 quod
413 1497 586 1579 ἐχεμυθιαν
614 1486 754 1552 nomine
780 1488 953 1572 dicebant,
995 1489 1194 1581 imperaret.¹

150 1601 253 1691 Quod
275 1595 373 1684 quale
394 1592 513 1671 fuerit,
537 1603 596 1655 aut
617 1613 684 1677 quo
704 1590 918 1678 spectaverit,
947 1613 1072 1680 parum
1096 1595 1193 1663 inter-

147 1727 184 1772 se
197 1702 263 1769 viri
276 1696 364 1764 docti
376 1693 601 1760 consentiunt.
623 1691 736 1778 Atque
749 1690 833 1757 adeo
847 1691 1006 1775 fuerunt,
1030 1695 1097 1783 qni,
1113 1722 1191 1766 rem

149 1804 424 1875 absurdissimam
453 1806 669 1872 commenta,
701 1794 808 1861 trium
835 1797 898 1864 rel
917 1798 1068 1885 quinque
1087 1799 1226 1871 etiam.

143 1888 317 1976 'annorum
332 1901 440 1988 spatio
458 1896 714 1978 continuabis,
728 1897 787 1983 qui
800 1897 857 1965 illa
873 1901 1005 1967 tacendi
1017 1903 1091 1988 lege
1103 1905 1193 1972 obli·-
1234 1948 1241 1965 ,

152 2017 329 2096 gerentur,
350 2021 394 2061 ne
414 2000 524 2063 ullum
540 1999 695 2080 quidem,
717 1997 788 2066 ullo
803 2004 858 2067 vel
871 2014 1026 2090 tempore
1041 2005 1190 2086 velloco,
1277 2007 1281 2013 ’
1344 1994 1352 2015 ⁴

153 2106 302 2175 verbum
317 2097 430 2182 eloqui
444 2097 576 2160 licuisse
591 2098 832 2165 existimarent.
862 2103 1009 2170 Additur
1023 2108 1089 2173 alia
1100 2108 1193 2174 baud

148 2230 235 2276 'sane
258 2196 474 2287 verisimilior
492 2195 684 2278 fabulailla
704 2219 844 2277 eorum,
874 2202 932 2286 qui
955 2204 1084 2287 dicunt,
1104 2208 1195 2273 intra

151 2312 217 2379 hoc
228 2320 329 2381 omne
344 2296 478 2390 tempus
492 2299 728 2388 Pythagoram,
744 2323 822 2367 cum
837 2303 984 2387 doceret,
1004 2327 1194 2392 praepauso

152 2414 232 2480 velo
244 2408 446 2486 'obtectum‚
468 2427 503 2469 se
521 2403 730 2469 audiendum
753 2404 854 2469 modo
870 2405 1061 2495 discipulis,
1082 2431 1195 2498 neque

152 2539 233 2584 vero
253 2508 440 2578 videndum
468 2501 673 2594 praebuisse.
696 2513 726 2590 *)
776 2507 867 2577 Haec
894 2522 928 2573 et
945 2512 1069 2578 similia
1090 2515 1192 2602 plura

155 2618 198 2687 ab
219 2615 277 2697 iis,
299 2612 356 2701 qui
376 2634 429 2677 res
442 2611 632 2698 singulares
647 2603 748 2697 atque
760 2611 934 2692 mirandas
948 2616 990 2681 de
1007 2629 1103 2683 tanto
1116 2617 1194 2686 viro

155 2713 370 2783 circumferre
387 2737 424 2779 ac
440 2714 604 2779 memoria
621 2713 765 2801 prodere
779 2717 946 2800 gestirent,
968 2719 1093 2806 partim
1108 2743 1195 2809 con-

155 2821 233 2900 ficta
249 2839 336 2896 esse,
357 2813 481 2909 partim
496 2827 656 2902 corrupta
670 2827 769 2901 atque
782 2815 979 2900 immutata,
993 2822 1077 2906 ¹quis
1091 2821 1195 2888 dubi-

155 2919 304 2989 taverit?
326 2918 441 3003 anue
462 2939 532 2992 res,
562 2915 658 2979 utin
679 2915 843 3003 scriptore
863 2918 1018 2986 historico
1042 2946 1196 2991 summae

146 3022 305 3095 ,levitatis
325 3016 444 3085 merito
468 3026 619 3080 censetur
640 3037 727 3111 esse,
748 3015 794 3082 sio
808 3016 843 3083 in
857 3033 955 3106 poeta
968 3032 1037 3088 non
1054 3045 1196 3092 excusa-

76 3200 79 3206 ,
158 3121 287 3205 tionem
308 3120 427 3200 modo,
457 3140 580 3183 verum
608 3130 641 3184 et
659 3118 794 3183 laudem
816 3134 986 3207 meretur,
1009 3151 1028 3191 e
1047 3135 1143 3211 cujus
1157 3153 1196 3196 re

158 3242 248 3307 erat,
270 3248 310 3289 ea
330 3224 487 3309 seligere,
511 3233 601 3307 quae·
620 3243 692 3286 non
715 3221 970 3292 verosimillima
993 3243 1120 3314 essent,
1136 3233 1196 3299 s'ed

79 3379 80 3384 κ
159 3329 344 3399 maximam
366 3325 530 3390 baberent
557 3323 828 3390 admirationem.
862 3328 986 3418 -Quod
1009 3333 1120 3422 ipsum
1141 3347 1197 3402 ta·
1273 3335 1274 3339 ’
1313 3307 1317 3313 ’

161 3453 240 3503 men
262 3429 403 3499 minime
425 3427 471 3491 ita
491 3425 583 3504 dico,
613 3425 709 3512 quasi
730 3451 867 3496 omnem
885 3433 927 3498 de
942 3434 1050 3501 isthoc
1064 3437 1196 3502 silentio

160 3531 382 3624 Pythagorico
402 3528 608 3596 mentionem
630 3527 807 3596 confictam
821 3555 919 3622 esse,
948 3549 1006 3607 aut
1025 3537 1111 3603 nihil
1131 3539 1197 3606 ha·-
1222 3564 1234 3611 J

161 3623 243 3704 bere
266 3632 511 3714 existimarem,
533 3631 625 3733 unde
641 3643 720 3696 nata
742 3632 852 3701 videri
879 3637 993 3726 possit.
1035 3639 1109 3706 Hoc
1130 3663 1196 3707 au·
1259 3633 1264 3658 '

108 3778 112 3783 ·
161 3730 232 3805 tem
253 3734 352 3821 quale
374 3734 494 3816 fuerit,
518 3746 576 3800 aut
595 3733 686 3823 quod
694 3735 874 3813 consilium
887 3741 1058 3823 habuerit,
1080 3743 1195 3813 iubae

161 3841 362 3927 scriptorum
378 3837 503 3924 partim
518 3837 680 3919 novitate,
700 3838 828 3928 partim
842 3837 1065 3914 inconstantia
1077 3858 1112 3915 et
1126 3847 1196 3918 dis-

162 4011 370 4033 W

73 4139 75 4148 ,
178 4060 222 4187 r)
240 4111 351 4171 uros.
367 4060 502 4171 usbar.
519 4115 597 4177 rm.
616 4132 658 4172 ιο.
692 4113 955 4188 uramenta
