2708 4636
506 310 826 376 ...9.-

117 445 124 456 ’
146 473 284 531 rentur:
312 460 476 530 Ovidium
487 471 600 526 autem
613 459 652 529 in
668 461 910 532 conscribendo
922 464 1185 553 Metamorpho-

146 589 229 632 seon
248 562 403 633 carmine*
419 565 483 630 hoc
504 563 625 651 egisse,
647 577 685 631 ut
706 568 1036 654 plenamquamdam
1053 569 1188 634 divinae

144 667 378 756 providentiae
394 668 518 752 justam
538 665 653 731 sceleri
667 689 811 754 poenam
827 669 1008 753 irrogantia
1022 674 1117 736 velut
1129 670 1188 736 hi·

144 771 281 845 tl01'iam
305 769 424 840 ordine
443 779 646 842 contexeret.
693 769 794 857 Quod
815 781 853 834 ut
875 772 1040 857 sapientes
1056 774 1194 840 intolli-·
1273 770 1290 827 ',

145 885 282 960 gerent,
311 871 373 938 sub
394 869 499 937 finem
520 871 633 958 operis
655 872 881 959 Pythagoram
903 873 1094 958 induxisse,
1123 877 1190 941 do-

144 975 290 1041 ctrinam
312 975 353 1040 de
378 971 569 1039 animorum
590 973 627 1036 in
648 973 713 1038 alia
741 999 887 1063 corpora
908 971 1191 1061 migratione'ex-

139 1084 347 1166 ponentem,
370 1099 455 1161 quo,
477 1075 567 1142 facta
579 1074 736 1152 videlieet
749 1100 936 1164 poenarum
951 1093 1026 1167 post
1042 1092 1190 1146 mortem

144 1179 343 1261 divinarum
355 1178 419 1243 ista
433 1177 761 1262 commemoratione,
775 1182 902 1246 clarum
916 1180 1022 1253 lieret,
1040 1203 1089 1260 ea,
1102 1202 1192 1264 quae
1279 1180 1281 1184 ’

148 1282 190 1349 da
212 1281 348 1346 mutatis
368 1282 562 1370 corporibus
584 1280 748 1347 hactenus
770 1270 954 1366 docuisset,
976 1283 1019 1349 ad
1043 1282 1193 1348 eundem

144 1381 252 1448 finem
269 1404 341 1449 esse
356 1383 542 1460 referenda.
558 1383 586 1471 *)
632 1386 731 1475 Quae
744 1399 834 1453 certe
847 1386 1001 1452 subtilius
1021 1387 1200 1467 dictitatur,

145 1506 249 1570 quam
272 1485 397 1553 verius.
440 1487 487 1553 Ut
507 1486 611 1573 igitur
641 1490 705 1553 alia
727 1488 840 1556 omnia
860 1501 1009 1571 taceam,
1046 1489 1102 1552 vel
1127 1486 1193 1549 hoc

111 1619 112 1622 ¹
146 1607 218 1652 uno
232 1590 309 1655 satis
321 1589 386 1655 ista
401 1591 514 1679 opinio
530 1590 740 1673 convallium,
762 1593 850 1678 quod
864 1593 977 1679 ingens
993 1603 1043 1655 est
1057 1588 1195 1654 fabula-s

145 1714 226 1759 rum
238 1692 329 1759 hisce
340 1693 434 1759 libris
447 1703 684 1759 enarratarum
699 1694 891 1773 multitudo,
904 1718 991 1783 quae
1003 1693 1195 1778 nullapro-

147 1790 238 1861 fecto
252 1796 384 1860 ratione
395 1795 438 1859 ad
452 1796 529 1877 hoc,
552 1796 641 1879 quod
657 1796 715 1861 ille
728 1807 833 1884 putat,
856 1799 992 1864 divinae
1005 1794 1196 1885 providen-

147 1895 214 1961 tiae
226 1897 434 1984 impietatem
443 1898 616 1983 plectentia
628 1900 805 1966 consilium
815 1899 905 1965 trahi
919 1901 1055 1990 possint.
1080 1895 1196 1985 Quod,

149 1998 208 2081 qui
223 1999 325 2061 semel
339 1997 405 2060 hoc
420 2018 556 2063 carmen
570 2001 657 2085 legit,
678 2004 726 2067 ita
740 2027 861 2070 verum
878 2026 947 2067 esse
961 2002 1074 2076 statim
1092 2000 1199 2064 intel-

150 2098 250 2179 liget,
270 2106 310 2159 ut
324 2097 482 2182 exempla
502 2097 640 2163 demum
658 2103 814 2187 proferre
837 2126 975 2190 prorsus
991 2121 1198 2189 supervacaq
1305 2181 1308 2188 Ι

150 2220 257 2264 neum
273 2208 399 2285 putem.
445 2197 536 2285 Quid
551 2209 667 2263 autem
683 2223 766 2286 opus
789 2212 837 2265 est
853 2212 948 2266 tanta
961 2212 1096 2288 tamque
1112 2202 1216 2268 arti--

150 2301 270 2388 ficiosa
290 2300 565 2367 machinatione?
600 2299 687 2367 Mihi
709 2301 847 2387 quidem
872 2301 974 2390 plane
996 2304 1204 2390 persuasum·

151 2417 219 2485 est,
242 2403 404 2470 Ovidium
423 2404 459 2468 in
473 2404 535 2469 hac
559 2426 596 2470 re
608 2403 869 2490 nullum-neque
894 2406 1003 2487 majus
1021 2426 1132 2490 neque
1147 2403 1203 2468 al-

148 2509 216 2591 tlus
232 2506 561 2593 consilium'agitasse
575 2506 701 2579 ariimo,
723 2528 825 2593 quam
838 2517 875 2578 ut
892 2499 1004 2596 operis
1020 2505 1206 2572 materiam<
1266 2501 1276 2515 '

151 2611 305 2697 seligeret
326 2632 418 2692 eam,
459 2633 560 2696 quam
581 2632 643 2676 suo
664 2609 801 2698 ingenio
826 2632 910 2698 prae
932 2609 1071 2676 caeteris
1086 2619 1202 2676 sunam

135 2713 302 2793 ,maxime
326 2709 620 2779 adcommodatam
644 2735 714 2780 esse
736 2712 883 2781 sentiret.
937 2713 1047 2799 Atque
1063 2712 1110 2777 sio
1123 2735 1203 2777 me·

155 2838 246 2895 cum,
268 2814 406 2901 opinor,
430 2815 823 2895 existimabuntomnes,
844 2814 904 2899 qui
925 2816 1038 2880 Ovidii
1052 2816 1204 2880 indolem

152 2907 287 3008 penitus
298 2928 559 3003 perspexerunt.
593 2916 733 2982 Nullum
748 2917 839 2985 enim
856 2915 1004 3001 profecto
1020 2937 1205 3001 argaman·
1249 2990 1253 2996 ‚
1348 2924 1352 2930 '

154 3033 229 3106 tum
245 3016 426 3103 excogitari
440 3016 554 3104 possit,
570 3018 668 3105 quod
681 3018 779 3083 illum
793 3017 918 3103 ingenii
933 3019 1057 3096 lusum,
1069 3017 1124 3082 illa
1140 3041 1203 3106 an·

154 3123 293 3203 titheta,
315 3117 490 3199 acumina,
521 3120 667 3203 argutias
690 3140 841 3206 quoque,
864 3121 978 3186 omnia
995 3131 1110 3186 nostro
1132 3130 1203 3186 tam

154 3222 336 3295 familiaria
354 3242 460 3306 aeque
471 3219 575 3302 ferat,
597 3234 700 3309 atque
719 3221 879 3293 continua
896 3221 952 3288 illa
965 3245 1083 3288 rerum
1096 3222 1205 3288 mira-

73 3347 74 3351 ’
155 3333 230 3397 cula
254 3352 293 3395 ac
315 3335 532 3416 portentosae
558 3318 737 3412 corporum
760 3322 1078 3392 transformationes
1130 3325 1206 3391 Hoc
1226 3372 1244 3404 s

157 3442 270 3496 autem
293 3428 399 3495 semel
422 3429 620 3509 constituto,
642 3440 682 3492 ut
702 3449 885 3516 corporum
902 3427 938 3491 in
950 3451 1056 3513 noras
1072 3426 1204 3526 sopmas
1255 3484 1257 3487 .

155 3533 382 3602 mutationem
413 3545 567 3614 caneret,
601 3531 709 3597 isthoc
730 3531 771 3596 de
791 3521 983 3595 animorum
1004 3527 1205 3613 migratione
1316 3580 1318 3586 ,

157 3624 422 3713 commentum,
452 3646 490 3698 ut
513 3650 615 3722 snpra
637 3635 803 3716 diximus,
849 3631 1009 3697 omittere
1025 3652 1087 3695 nec
1105 3629 1205 3698 facile

157 3749 311 3829 poterat,
331 3748 444 3822 neque
464 3761 545 3804 sane
568 3737 716 3809 volebat·
758 3736 812 3808 Ad
828 3757 968 3822 eamque
983 3754 1056 3800 rem
1070 3733 1206 3800 transiit

158 3883 369 3911 ”⁸⁸—

85 4039 86 4042 ,
156 4032 174 4069 ·.
194 3981 222 4052 ’)
241 3977 383 4036 wilhelm
392 3980 985 4064 WarburtomgtttlichosondaugMoais
998 3993 1051 4041 eto.
1084 3981 1169 4041 Τοῖα.
1182 3983 1228 4043 Ι..

232 4085 261 4144 l’·
276 4078 327 4140 63¹
346 4098 382 4113 “·
397 4080 458 4140 557·
1122 4113 1125 4120 »
