2708 4636
499 313 819 389 *8⁴*-

136 485 415 570 lem'rerb'orum
435 488 550 554 lusum
570 484 667 551 facile
678 486 783 574 possit
804 487 1034 578 aequiparare.
1079 489 1185 580 Quod

138 593 290 690 quidem,
315 603 355 658 ut
376 591 510 680 opinor,
541 591 796 677 exemplorum,
831 613 918 676 quae
940 591 980 655 ad
1002 604 1189 680 utrumque

73 748 80 770 2
132 716 244 785 ¹genus
257 693 481 786 proferemus,
505 693 720 759 contentione
737 693 815 757 satis
828 690 1045 783 intelligetur.

223 797 409 868 Veritatem
436 795 537 862 multi
568 793 840 879 desiderarunt
830 817 866 859 ιιι
886 797 1014 894 Lucani
1034 799 1192 869 versibus·

137 900 222 984 illis,
244 900 366 988 quibus
390 897 542 964 Caesaris
556 897 832 985 Pompejique
803 880 933 980 caussas
948 898 1038 965 inter
1051 925 1087 966 se
1101 926 1187 968 con-

136 990 269 1089 ferens,
290 996 443 1070 Deorum
469 999 604 1103 numiui
619 1012 720 1088 atque
741 1000 906 1086 majestati
928 1003 1031 1069 unius
1047 1005 1186 1074 Catonis

140 1103 375 1172 auctoritatem
392 1104 550 1193 opponit:
1021 1130 1024 1134 “

562 1205 669 1291 Quis
657 1208 776 1306 qustius
791 1206 900 1270 induit
917 1231 1033 1287 arma,
1102 1193 1104 1197 Ι

167 1251 272 1355 Scire
286 1295 394 1356 nefas:
418 1314 535 1392 magno
548 1313 581 1352 so
595 1291 704 1375 judice
722 1315 858 1390 qrusque
878 1309 997 1356 tuetur.

180 1377 312 1441 Victrix
327 1393 442 1440 caussa
453 1377 536 1439 Deis
552 1377 687 1460 placuit,
710 1376 767 1440 sed
779 1379 867 1438 victa
883 1378 1014 1443 Catoni.

71 1568 76 1573 ι
139 1464 347 1584 Quanquam
372 1517 448 1560 meo
471 1492 609 1582 quidem
637 1496 765 1582 judicio
788 1498 945 1564 Lucanus
971 1498 1087 1565 multis
1112 1499 1186 1567 aliis

10 1648 12 1653 .
75 1681 77 1685 ι
139 1592 178 1663 in
200 1598 308 1664 locis
298 1598 417 1684 Justius
439 1595 582 1677 fortasse
596 1597 861 1683 reprehensus,
845 1620 887 1665 ἰιι
904 1601 969 1664 hoc
983 1601 1189 1667 certehabet

139 1698 289 1788 aliquam
303 1701 373 1768 sive
387 1697 618 1797 defensionem
636 1699 704 1765 sive
719 1703 969 1767 excusationem
985 1701 1021 1765 in
1029 1715 1189 1789 veterum

137 1803 319 1890 religione:
358 1802 485 1890 quippe
504 1827 588 1892 quos
603 1814 735 1870 constat
770 1804 812 1868 ‹le-
843 1804 996 1868 Deorum
1026 1803 1185 1892 sapientia

139 1907 240 1991 atque
259 1906 387 1991 justitia
407 1909 506 1995 longe
528 1905 624 1972 aliter
642 1907 785 1971 sensisse
808 1929 911 1994 quam
932 1899 1080 1970 nostram
1096 1915 1189 1968 aeta-

139 2010 485 2101 tem‚nequeomnino
497 2008 635 2074 illorum
651 2031 726 2073 eam
741 2009 854 2075 animo
868 2007 1067 2075 informasse
1082 2008 1190 2071 notio·

140 2130 238 2192 nem,
275 2132 361 2198 quae
380 2137 450 2179 una
477 2110 779 2201 praestantissimae
800 2122 940 2176 naturae
962 2107 1189 2175 conveniebat.
1279 2170 1285 2179 ,

142 2209 252 2301 (ῥιιιιιιΚ
270 2236 348 2282 cum
371 2215 548 2302 antiquitas
570 2215 679 2280 omnis
698 2216 812 2296 docet,
835 2223 908 2276 tum
924 2212 958 2276 in
975 2211 1095 2297 primis
1111 2232 1190 2274 car-

141 2301 275 2382 minum
311 2316 572 2388 Homerioorum
601 2318 685 2381 ratio
709 2307 1013 2381 innumerabilibus
1046 2310 1191 2374 ostendit

141 2416 315 2509 ‘exemplis
368 2418 537 2505 Equidem
557 2418 647 2484 hauc
668 2418 712 2482 ob
728 2440 879 2484 caussam
910 2417 1087 2480 Lucanum
1121 2414 1190 2478 alio

38 2599 45 2606 .
142 2504 235 2597 idco,
256 2517 301 2582 ud
325 2519 625 2607 reprehensionem
648 2520 754 2636 magis
781 2519 881 2583 etiam
910 2530 1043 2603 aperto,
1079 2501 1192 2607 lenius
1259 2521 1261 2525 ’

140 2626 256 2687 temen
277 2621 506 2713 culpandum
508 2622 710 2688 censuerim.
755 2609 815 2690 Illa
843 2619 935 2702 dicu,
959 2641 1046 2706 quae
1059 2617 1134 2683 Lib.
1147 2617 1191 2685 II·
1211 2662 1244 2705 μ

120 2736 177 2837 κι’.
191 2744 243 2810 9ι.
259 2743 349 2811 seqq.
364 2722 454 2789 huuc
467 2721 504 2788 in
518 2723 659 2789 modum
674 2724 851 2811 leguntur:

560 2843 696 2906 Solatia
715 2843 774 2904 fat

187 2927 348 3017 Carthago
356 2930 549 3016 Mariusque
565 2928 626 2994 tuli
628 2943 652 3007 t,
674 2867 861 3048 paritbrque
875 2934 1018 3015 jacentes
1127 2999 1132 3011 ,

148 3013 345 3098 Ignovere
359 3017 442 3078 Deis
456 3032 545 3081 oet·

143 3128 184 3198 In
207 3140 344 3226 promtu
366 3132 457 3198 euim
479 3088 590 3199 essent
607 3133 717 3200 multa
740 3138 897 3200 veterum
917 3129 1192 3214 auctorumloca,
1234 3162 1238 3167 ·

144 3230 265 3316 quibus
282 3247 324 3298 ex
340 3237 513 3302 communi
527 3233 711 3302 hominum
735 3233 894 3323 opinione
911 3235 984 3300 Diis
1000 3234 1190 3312 erudelitas,

143 3331 307 3421 injustitia
318 3347 427 3428 atque
445 3348 522 3423 erga
535 3338 696 3403 homines
714 3335 903 3431 invidentia
919 3335 1096 3419 tribuitur,
1125 3325 1202 3398 nisi

34 3493 37 3497 ,
144 3433 274 3523 inutilis
289 3450 373 3504 esset
386 3438 485 3505 labor
499 3439 607 3506 omnis
615 3439 659 3505 ιιι
668 3463 707 3519 re
725 3439 803 3505 satis
818 3460 878 3521 per
892 3459 928 3502 se
942 3438 1083 3523 cognita.

155 3538 159 3543 ’
230 3542 385 3607 atcerte
404 3528 505 3630 longe
536 3541 688 3637 severior
705 3541 743 3607 in
771 3542 837 3609 hoc
865 3559 987 3623 genere
1009 3534 1194 3605 Christiani

43 3696 48 3707 .
73 3628 77 3645 ¹
148 3622 267 3737 poetae
289 3644 344 3731 lex
365 3655 425 3710 est.
467 3640 586 3737 Neque
614 3666 691 3732 ego
683 3642 851 3735 profecto
867 3641 977 3706 habeo
993 3662 1060 3728 quo
1074 3638 1195 3705 Helie«

146 3760 236 3813 rum
242 3741 563 3845 praestantissimum
578 3758 715 3834 poetam
728 3738 788 3809 illo
803 3766 906 3809 versu

152 3857 265 3937 Den
283 3865 399 3929 Caesar
413 3863 560 3929 schiitzte
577 3870 676 3946 Gott,
699 3862 768 3933 und
782 3863 864 3928 Cato
885 3861 940 3927 die
953 3862 1141 3947 Besiegten,
1188 3847 1196 3954 ’Ἰ

146 3931 278 4043 Iiuoani
296 3956 434 4054 vestigia
456 3981 670 4061 prementem
683 3968 738 4034 vel
753 3963 1006 4031 defendendum
1022 3965 1074 4030 vel
1088 3985 1196 4029 excu-
1175 3956 1209 4043 ‚J

129 4067 292 4175 ¹saut-lum
310 4076 450 4171 putem,
488 4067 553 4150 nisi
573 4072 638 4141 hoo
657 4092 787 4172 unum,
823 4067 913 4153 quod
935 4067 1051 4163 ¹isthoc
1077 4064 1194 4161 aetatis
