2708 4636
490 112 500 156 l

514 312 841 403 ··÷--7⁵·--

146 457 212 557 tius
234 473 422 553 adfiniatur.
470 485 570 587 Unde
589 487 775 557 necessario
796 486 1013 576 consequitur
1026 482 1131 569 illud,
1151 499 1194 554 ut

145 591 316 679 quoniam
345 589 508 676 cujusque
542 589 699 657 carminis
732 591 972 680 praestantiam
1007 589 1195 679 voluptatis

119 746 122 751 ,
147 692 230 759 inde
246 703 429 780 perceptae
442 689 860 779 metimurmaguitudine‚
871 715 1078 782 peromnem
1094 712 1196 780 saepe

147 794 258 889 vitam
280 792 338 860 itta
360 792 510 860 maxime
530 794 916 881 exoellerejudicemus‚
939 805 1118 880 quaesunt
1132 814 1197 857 eo-
1255 811 1260 819 ’
1307 846 1334 861 ,ἡ

148 908 249 978 rum,
288 919 436 982 quorum
466 897 574 985 speeie
594 898 678 967 olim
696 898 850 963 animum
874 907 1066 983 correptum
1089 893 1197 960 fuisse

147 999 387 1079 recordamur,
417 999 595 1066 simillima.
639 1000 756 1088 ltaque
776 1020 877 1086 saepe
892 1016 952 1082 ego
966 996 1039 1063 vidi
1056 997 1147 1064 viros
1161 1006 1197 1063 et

149 1101 307 1169 doctrina
327 1113 537 1189 praestantes
558 1116 593 1169 et
612 1104 757 1169 valentes
778 1100 923 1189 judicio,
952 1100 1013 1185 qui
1028 1122 1133 1185 quum
1151 1100 1196 1165 de

153 1205 324 1298 plerisque
338 1204 440 1270 'rebus
455 1228 534 1271 vere
549 1206 777 1290 adcurateque
791 1202 995 1268 dissererent
1006 1211 1109 1286 atque
1123 1201 1196 1265 elo-

144 1319 269 1395 ganter
283 1305 464 1391 sentirent,
487 1307 693 1375 carminibus
709 1305 787 1386 illis,
802 1305 839 1372 in
854 1304 977 1390 quibus
993 1301 1094 1391 pueri
1108 1322 1196 1390 poe-

149 1407 202 1474 ein
219 1408 496 1494 degustavissent‚
518 1408 634 1491 adulti,
657 1408 716 1475 etsi
730 1409 787 1474 vel
805 1409 895 1475 mala
908 1418 1021 1473 essent
1032 1405 1089 1469 vel
1103 1413 1197 1469 certe

145 1511 351 1593 mediocria,
373 1509 421 1576 ita
439 1522 554 1577 tamen
576 1511 844 1586 oblectarentur,¹
861 1521 901 1575 ut
914 1509 1024 1574 multo
1039 1505 1197 1573 meliori·

148 1610 213 1679 bus
236 1614 295 1687 illa
316 1610 538 1703 praeterient.
581 1613 651 1702 Qui
669 1612 696 1679 si
723 1612 813 1699 quod
828 1611 863 1676 in
879 1611 944 1676 hoe
963 1608 1196 1698 generejudi-

151 1717 245 1782 cium
261 1717 389 1784 ferrent
406 1714 585 1795 sinistrius,
607 1726 707 1805 'saepe
721 1719 793 1795 ejus
808 1735 961 1780 caussam
977 1714 1079 1779 haece
1094 1713 1196 1778 inve-

144 1817 303 1905 ¹stigatam
324 1805 622 1903 viadeprehendi,
645 1817 778 1906 saepius
792 1815 865 1881 sine
880 1815 982 1882 dubio
999 1816 1197 1902 depreben-

151 1940 270 1990 surus,
292 1918 328 1981 si.
341 1916 525 2005 puerilium
545 1921 734 1986 studiorum
759 1917 925 1984 rationem
940 1929 1079 1984 omnem
1093 1930 1198 1983 tenu-

154 2020 268 2085 issem.
302 2016 425 2100 ,Atque
448 2017 477 2081 si
490 2019 632 2084 velimus
649 2025 791 2107 quisque
806 2021 847 2084 ad
859 2043 921 2085 nos
939 2021 1031 2108 ipsos
1051 2020 1198 2116 diligen-

153 2126 209 2181 ter
245 2113 439 2188 attendere.
461 2112 640 2204 'animique
674 2142 810 2184 sensum
847 2133 1007 2186 excutere
1036 2123 1196 2204 severius,
1231 2182 1234 2187 ,

125 2205 127 2209 ’
151 2241 256 2284 nemo
273 2217 582 2282 tortasse'noatrum
598 2217 672 2299 erit,
687 2219 768 2303 quin
783 2219 875 2283 idem
886 2221 948 2284 sibi
964 2233 1112 2309 exparte
1127 2223 1198 2286 sal-

155 2332 224 2386 tetn
248 2319 407 2386 accidisse
430 2319 639 2409 experiatur.
692 2320 780 2388 Mihi
800 2320 936 2409 quidem
957 2343 1065 2410 puero
1080 2310 1198 2408 poeta·

150 2442 232 2488 rum
252 2421 432 2488 lectionem
454 2424 586 2510 primus
601 2421 673 2490 fere
688 2423 937 2490 commendavit
956 2423 1108 2490 Ovidius.
1153 2424 1198 2491 Et
1288 2442 1291 2456 ¹

115 2512 122 2527 ‘
151 2526 307 2610 quamvis
327 2526 486 2613 sapientis
506 2526 656 2614 magistri
678 2526 721 2593 ad
737 2527 873 2615 singula.
887 2530 956 2611 ejus
969 2526 1053 2593 vitia
1066 2551 1121 2594 me
1131 2528 1198 2594 vad.
1258 2513 1261 2517 ⁵

153 2628 324 2694 monentis
339 2651 411 2693 vox
427 2626 570 2697 minime
580 2632 717 2715 deesset,
737 2642 850 2697 temen
863 2630 945 2695 haec
956 2631 1038 2720 ipsa⁴
1047 2641 1195 2717 utputo,
1307 2680 1312 2697 ,

150 2746 223 2795 non
245 2729 352 2816 magis
374 2733 518 2797 naturali
540 2735 684 2816 quadam
709 2733 826 2821 judieii
847 2734 1070 2821 perversitate
1092 2754 1196 2819 quam

147 2844 295 2920 'propter
314 2830 480 2900 virtutum
501 2833 710 2900 adfinitatem
730 2835 917 2921 placebant.
961 2836 1079 2918 ltaque
1096 2835 1195 2902 illum
1221 2882 1225 2895 .

153 2932 255 3019 longo
267 2942 343 3021 post
353 2944 510 3022 tempore
522 2945 556 2997 et
567 2933 707 3020 Virgilio
720 2937 885 3022 praetuli,
909 2948 943 3000 et
956 2958 1049 3001 nuno
1061 2956 1197 3023 quoque

146 3036 262 3101 'multa
276 3034 348 3119 ejus
363 3037 437 3100 locu
453 3035 723 3123 reprehendens,
745 3038 858 3104 nescio
872 3037 1044 3124 quomodo
1056 3038 1123 3105 illis
1138 3040 1197 3104 in-

148 3136 291 3203 -terdum
314 3134 463 3201 oblector
485 3137 578 3224 ipsis,
608 3160 696 3226 quae
714 3152 830 3206 tamen
851 3138 993 3218 unnime
1015 3138 1197 3208 laudabilia

157 3262 229 3306 esse
245 3239 344 3304 certis
358 3238 619 3326 indubitatisque
633 3242 778 3331 intelligo
791 3242 987 3309 rationibus.
1022 3244 1112 3329 Ergo
1129 3244 1196 3309 hoc

157 3342 272 3408 sedulo
304 3353 356 3407 est
375 3342 647 3435 anticipandum,
683 3348 860 3432 tenerique
880 3368 1066 3431 puerorum
1089 3344 1196 3410 animi
1275 3408 1280 3419 ,

79 3469 82 3473 ’
126 3434 131 3449 “
156 3444 216 3511 illo
247 3444 360 3511 statim
377 3444 563 3512 >imbuendi
590 3469 705 3525 sensu,
747 3447 794 3512 ad
817 3468 919 3534 quem
944 3450 1018 3512 illos
1038 3444 1197 3533 expediat

150 3558 275 3637 postea
289 3571 391 3635 omne
406 3548 670 3636 pulchritudinis
686 3549 851 3633 judicium
867 3548 1010 3635 exigere.

149 3694 152 3699 -
180 3692 183 3703 ‹
245 3652 357 3736 Atque
379 3652 435 3738 qui
457 3650 525 3716 sint
544 3650 641 3741 pauci
660 3651 709 3717 illi
732 3674 777 3718 ex
800 3652 892 3716 omni
913 3653 1113 3739 scriptorum
1127 3672 1197 3714 nu·

160 3775 257 3822 mero
270 3758 347 3817 eum
357 3752 459 3840 primi
465 3765 540 3819 turn
556 3775 762 3842 peromnem
778 3754 882 3819 vitant
892 3755 1042 3827 maxime
1054 3751 1198 3838 legendi,

95 3897 99 3905 ·
148 3874 355 3944 'quanquam
371 3854 543 3921 neminem
557 3857 675 3942 fugere
688 3868 799 3944 potest
809 3855 997 3923 litterarum
1015 3842 1199 3941 elegantia-¹

161 3968 238 4028 rum
256 3980 323 4020 non
340 3979 476 4044 prorsus
491 3960 623 4039 rudem,
646 3970 758 4024 tamen
774 3982 816 4025 ne
833 3961 913 4045 quid
930 3958 1200 4049 praetermittere
1226 4046 1229 4051 Ι

162 4063 299 4146 τίάοατ,’
316 4082 417 4150 quam
431 4060 629 4132 brevissime
640 4074 762 4151 potero
778 4064 897 4133 dicam.
908 4124 916 4141 ,,
926 4065 1034 4134 Primi
1047 4052 1199 4129 omnium
1301 4111 1304 4116 .
