2708 4636
534 325 966 394 *πῇ-α,

82 564 87 577 ,
129 542 136 555 1
189 526 278 593 „que
295 488 477 592 spiritualis
495 496 771 584 commendetur,
805 513 847 567 ut
869 515 918 570 est
937 498 1029 595 apud
1054 509 1242 595 ioannem,

189 608 328 694 „sedan
343 617 539 689 tamquam
555 597 640 667 nihil
653 601 722 668 tale
736 605 963 689 praecesserit,
985 613 1083 677 unde
1098 615 1255 706 intelligi,

190 706 319 798 „possit
341 703 484 790 figurate
504 703 586 769 haec
604 702 688 783 dici3
717 704 806 790 quod
827 726 998 796 negamus.
1044 717 1170 805 Atque
1189 722 1244 788 hic

189 813 268 896 „ille
279 809 350 898 ipse
361 818 412 872 est
424 802 613 894 scrupulus,
636 805 695 892 qai
711 808 832 874 urebat
845 811 1062 901 Zwinglium,
1086 820 1243 905 quamsi

190 923 299 1000 „esset
312 933 332 977 a
347 908 455 976 scriba
474 908 617 973 civitatis
628 906 784 994 injectus,
803 913 948 997 quinon
961 921 1164 1004 requirebat
1180 949 1243 993 ex·

187 1015 363 1105 „emplum
379 1012 636 1100 scripturarum,
657 1011 693 1076 in
707 1036 775 1100 quo
788 1015 931 1082 verbum
945 1011 1021 1086 aaa'e
1034 1022 1241 1110 significan·

187 1116 330 1206 „divim
345 1114 504 1197 haberet3
526 1112 657 1202 quisita
669 1113 846 1207 imperitus
858 1117 901 1184 sit
914 1123 1171 1210 scripturarum
1187 1132 1238 1199 val

186 1219 348 1308 „omnino
360 1217 524 1284 sermonis
545 1215 703 1296 humani,
725 1218 820 1284 atde
835 1243 875 1285 eo
890 1222 1048 1293 dubitare
1062 1233 1175 1320 possit
1187 1246 1246 1310 at·-

186 1344 276 1413 „qae
287 1322 359 1408 ejas
375 1318 425 1386 rei
440 1320 636 1408 exemplum
652 1321 793 1408 petere?
812 1356 857 1375 ·-
885 1325 991 1393 im'mo
1003 1329 1076 1396 hoc
1092 1357 1238 1421 quaere·

185 1423 326 1513 „batur,
348 1444 393 1487 an
407 1421 541 1509 uspiam
555 1420 590 1485 in
616 1421 791 1509 scripturis
807 1424 854 1490 sic
875 1428 1051 1498 diceretur
1074 1436 1244 1516 absolata·

185 1530 243 1614 „h·
260 1549 290 1591 e.
306 1535 403 1590 extra
423 1523 615 1612 parabolam
638 1537 672 1589 et
697 1525 908 1614 allegoriam,
931 1544 992 1598 aut
1015 1557 1127 1621 quum
1141 1535 1235 1610 nulla

184 1626 1230 1730 ‚,allegoriavelsimilaquidpraeoossisset‚inoajusexplioatio-

185 1756 263 1818 ‚,ne‚
275 1730 366 1818 qnod
378 1728 523 1816 figurate
537 1729 662 1796 rhotum
672 1741 756 1810 erat,
766 1735 889 1820 accipit
900 1736 1232 1829 interpretationem·
1255 1748 1267 1824 3

183 1855 294 1923 „quae
314 1852 393 1897 aum
411 1830 513 1896 verbo
535 1830 678 1918 figurato
696 1853 761 1919 per
782 1836 926 1904 verbum
946 1855 1000 1907 est
1017 1848 1227 1936 copulatar.“'·

182 1937 312 2023 Nempe
326 1930 378 1999 his
392 1932 528 2021 respicit
539 1934 701 2000 Ernestus
716 1935 758 2000 ad
778 1938 982 2024 colloquium
1001 1947 1046 2011 de
1062 1949 1231 2016 Euthana

182 2037 262 2119 otia,
304 2034 397 2124 quod
422 2032 614 2123 Zwingliua
635 2056 749 2102 coram
768 2047 1089 2116 serratnTuricensi
1111 2048 1245 2131 habuitj

182 2139 341 2231 quodque
355 2138 425 2230 ipse
445 2149 580 2206 enarrat
602 2137 639 2203 in
657 2139 816 2207 Subsidio
831 2143 874 2208 de
887 2145 1123 2220 Ezacltaristia
1137 2156 1225 2244 Opp.

127 2233 132 2247 ⁴
179 2246 280 2314 Tam.
296 2243 337 2312 II.
351 2241 410 2307 fol.
427 2239 488 2306 248
505 2264 571 2329 seq.
615 2243 681 2308 Hic
700 2243 804 2329 igitur
816 2246 998 2335 Zwinglins
1011 2265 1054 2318 ut
1073 2258 1227 2323 ostenda-

179 2361 244 2430 ret,
265 2345 370 2412 verba
385 2345 512 2410 Christi
525 2341 613 2410 τοῦτό
629 2351 695 2412 ἔστι
705 2342 743 2413 sd
758 2342 847 2428 usiani
860 2376 920 2431 μου
936 2374 1007 2418 non
1025 2378 1100 2424 esse
1113 2362 1233 2427 neoea·'

98 2484 103 2493 ι
178 2448 268 2514 sario
282 2441 419 2535 proprie
431 2443 664 2527 intelligenda,
678 2450 845 2536 ¹extemplo
863 2451 994 2535 similia,
1017 2471 1058 2524 nt
1071 2465 1225 2549 putabat,

177 2547 329 2617 laudavit
342 2568 384 2627 ex
396 2543 637 2626 Matth.XIII,
652 2545 703 2612 58.
725 2550 789 2617 ὅδὲ
801 2549 893 2639 &aba
905 2558 988 2621 saza
1001 2555 1020 2624 ὁ
1030 2560 1150 2649 κόσμος
1163 2580 1224 2634 etc.

83 2696 86 2719 ,
178 2636 232 2714 Ad
244 2649 328 2713 haec
343 2645 450 2733 scriba
467 2642 606 2730 quidam
622 2648 808 2736 objiciebat,
832 2659 985 2744 exempla
1001 2662 1068 2729 ista
1085 2667 1129 2732 ad
1143 2654 1224 2757 proi·

169 2744 324 2846 ¹positum
348 2746 434 2819 nihil
453 2746 579 2817 facere:
610 2749 647 2817 in
665 2752 739 2820 loeo
760 2754 852 2821 enim
873 2758 929 2825 illo
943 2763 1109 2832 Matthaei
1123 2782 1232 2865 aper-f

174 2847 245 2924 tam
261 2878 330 2922 esse
340 2850 557 2944 parabolam,
577 2872 646 2919 non
660 2867 774 2921 autem
789 2858 854 2941 ihi,
876 2861 935 2926 ubi
950 2863 1109 2935 Christus
1123 2873 1221 2956 dicat,

174 2956 253 3030 Hoc
264 2971 316 3026 eat
329 2976 452 3048 corpas
468 2978 593 3022 meum.
637 2954 790 3047 Aequas
804 2962 987 3051 zwinglius
1004 2951 1048 3032 eui
1064 2974 1220 3063 tempora

172 3062 339 3157 quaedam
354 3057 527 3146 respondit
541 3076 610 3122 non
623 3060 726 3155 plane
743 3086 881 3151 scopum
895 3064 1060 3136 ferientia.
1107 3077 1220 3165 Atque

171 3171 237 3237 ista
252 3167 300 3234 sio
311 3173 447 3256 peracta
460 3169 539 3248 sunt
555 3159 608 3224 die
633 3180 680 3225 aa.
696 3161 832 3249 Aprilis.
876 3166 997 3256 Quum
1018 3186 1135 3268 autem
1151 3181 1219 3269 ipsa

115 3333 117 3337 ,
163 3271 324 3350 sentiret,
347 3260 512 3343 nonsatis
527 3282 563 3326 se
584 3261 771 3337 confutasse
793 3268 959 3357 scribam,
974 3287 1088 3359 postea
1104 3264 1226 3373 coepit*

167 3372 341 3463 requirere
354 3370 426 3437 alia
449 3367 614 3434 librorum
639 3382 810 3432 sacrorum
833 3371 906 3437 loca
926 3377 1127 3462 propius-ad
1142 3410 1217 3455 rem

45 3531 48 3541 ,
166 3473 379 3566 pertinentia.
412 3463 616 3558 „coepimus
630 3480 720 3554 argo,
733 3467 916 3550 itascribit'
931 3479 1076 3564 cogitare
1091 3492 1217 3580 omnia,
1271 3572 1275 3581 ι

166 3581 305 3663 „omnia
332 3577 526 3652 revolvere3
565 3580 714 3636 attamen
743 3573 830 3658 aliud
857 3577 941 3643 nihil
974 3590 1216 3674 exemplorum

29 3700 61 3766 ς
165 3680 395 3764 „occurrebat
418 3697 519 3769 quam
539 3670 631 3758 quod
653 3673 690 3739 in
706 3680 944 3767 commentario
960 3685 1140 3772 proditum
1156 3704 1214 3775 est,

88 3804 90 3809 ·
163 3795 245 3866 „aut
258 3782 350 3868 qaod
370 3775 582 3851 occurrebat.
605 3788 677 3841 erat
698 3777 838 3845 illorum
852 3781 970 3847 simile.
1017 3788 1107 3856 Cum
1126 3812 1212 3862 vem

162 3884 367 3970 „tredecima
390 3883 459 3947 dies
485 3878 674 3967 adpeteret,
696 3877 795 3968 (vera
813 3905 917 3947 narro
939 3886 1093 3976 adeoque
1115 3904 1210 3979 vera,

160 4001 223 4077 „ut
246 3976 352 4052 celare
374 3985 543 4059 volentem
569 3979 769 4046 conscientia
792 3996 887 4069 cogat
912 3987 1092 4061 effundere
1116 3988 1210 4084 quod

127 4156 130 4161 .
145 4087 337 4173 ,dominus
349 4086 528 4176 impertiit,v
541 4103 614 4150 non
627 4083 783 4170 ignorans
799 4088 931 4172 quantis
946 4113 1003 4158 me
1018 4108 1210 4170 contume-
