2708 4636
469 281 833 391 „msam

51 496 54 501 ·
114 493 118 501 ·
165 485 200 541 et
211 469 410 558 antiquitate
421 460 458 534 et
472 465 600 532 virtute
615 475 694 531 sunt
707 464 847 548 Graeci,
870 467 1207 558 quorumfingenium

153 569 204 645 nt
215 572 371 643 nonnulli
384 569 527 639 fortasse
540 590 585 634 ex
596 568 836 637 recentioribus
854 564 1096 654 aequaverint,
1119 575 1205 646 sim-

162 678 287 767 plicem
306 684 396 740 certe
414 670 682 756 magnitudinem
697 671 980 758 tranquillamque
995 677 1205 759 majestatem

154 793 199 842 at
212 776 360 845 nativam
372 771 661 863 pulchritudinem
676 795 778 838 nemo
786 795 938 860 unquam
954 788 1005 847 cst
1018 778 1203 850 adsecutus.

109 916 112 921 ·
150 881 194 951 ·E
212 875 503 967 quibusoinnibus
519 868 708 953 Homerum
722 879 875 962 nomino,
897 903 966 951 non
981 882 1201 966 quodnnum,

162 984 223 1051 aed
241 982 319 1070 quia
342 992 420 1047 ante
444 979 529 1045 alios
553 977 734 1062 legendum
746 991 837 1068 puto
861 982 916 1049 vel
937 982 1084 1070 potius-e
1097 1005 1204 1057 manu

69 1164 71 1168 ι
161 1106 340 1172 nunquam
361 1082 564 1171 ponendum.
591 1080 709 1153 ,Hunc
734 1080 794 1164 qui
815 1082 977 1151 admirari
992 1086 1097 1150 semel
1112 1086 1204 1156 didi-

151 1187 257 1266 cerit,
265 1197 475 1272 quantopere
486 1193 680 1257 contemnet
693 1193 793 1266 atque
803 1183 950 1253 fastidiet
959 1199 991 1252 et
999 1210 1116 1267 omries
1123 1211 1202 1253 sem

161 1290 348 1356 tentiarum
369 1287 516 1375 argutias
531 1296 566 1350 et
582 1283 719 1350 inanem
731 1285 786 1348 vel
800 1283 837 1349 in
850 1286 951 1359 rebus
964 1291 1023 1354 rel
1038 1278 1075 1355 in
1092 1278 1201 1361 verbis

159 1389 395 1465 ostentationis
422 1389 606 1475 pompaml
646 1385 804 1459 Proximi
832 1401 910 1456 sunt
930 1389 1026 1456 hisce
1046 1391 1200 1465 Romani,

157 1495 222 1582 qui
245 1490 389 1579 Augusti
401 1501 508 1555 aetate
523 1488 689 1576 pauloque
703 1489 757 1558 vel
770 1501 849 1559 aute
864 1492 922 1556 vel
934 1494 1121 1578 pastillum
1136 1493 1205 1563 flo-

19 1674 25 1695 ·
161 1597 324 1667 ruerunt!
366 1592 408 1663 In
434 1589 559 1678 quibus
581 1601 754 1682 tamen-ct
771 1591 894 1677 aliquis
914 1593 1202 1667 commendandus

60 1684 63 1689 ⁵
150 1695 401 1775 -orit'dilectua
444 1695 563 1780 Neque
583 1689 676 1789 sinim
700 1694 835 1777 omnia,
856 1718 942 1782 quae
964 1719 1081 1762 scenae
1097 1712 1202 1783 atque

139 1798 290 1891 'populo
313 1798 499 1863 servientes
517 1796 638 1866 dixere
660 1795 795 1879 comici,
819 1796 1103 1886 (quanquam-jam
1117 1800 1200 1863 lon-

148 1902 237 1995 gius
256 1900 307 1967 illi
319 1899 476 1966 distantes
489 1898 532 1964 ab
547 1895 732 1985 Anguem)
755 1921 860 1983 puero
875 1904 977 1990 relim
991 1903 1143 1990 placere,
1164 1910 1199 1963 et

160 2006 325 2098 majorem
347 2001 428 2067 inde
451 2002 632 2077 excludam
646 2011 778 2088 partem
792 2002 926 2081 Ovidii,
947 2003 1083 2075 luxurie
1097 2022 1200 2086 argu-

161 2109 286 2192 tiisque
303 2104 599 2189 Francogallorum
615 2103 748 2190 ingenio
762 2105 888 2172 mirum
904 2107 940 2176 in
952 2105 1091 2181 modum
1106 2105 1202 2171 simi·-

160 2210 214 2277 lis.
255 2210 385 2278 Eorum
404 2218 519 2274 autem
534 2207 594 2294 qui
612 2218 692 2273 sunt
705 2207 849 2292 legendi,
863 2208 936 2273 sine
951 2208 1054 2272 dubio
1070 2204 1201 2295 prinoi-

159 2334 226 2402 pcs‘
240 2309 409 2377 habentur
426 2309 586 2379 Horatius
604 2320 705 2393 atque
723 2309 893 2397 Virgilius.
938 2311 1099 2398 Quorum
1114 2311 1202 2375 alter

159 2415 199 2480 in
213 2412 353 2485 odisvel
370 2409 484 2492 fortia,
505 2410 657 2477 sublimis
671 2422 769 2499 atque
786 2412 913 2492 audax,
931 2413 985 2483 vel
999 2413 1122 2491 mollis,
1143 2423 1200 2477 te·

10 2516 14 2531 “
129 2541 131 2549 ·
159 2540 223 2582 ner
234 2527 335 2599 atque
349 2512 524 2593 delicatus,
546 2511 583 2577 in
597 2513 716 2600 satyris
731 2513 945 2602 epistolisque
963 2526 1080 2591 tersus,
1102 2513 1199 2578 faca-

150 2630 213 2689 ,tus
234 2627 335 2700 atque
356 2612 522 2693 urbanus,
551 2636 614 2701 per
637 2615 752 2695 omnia
766 2614 999 2702 philosophiae
1011 2617 1119 2685 facem
1135 2615 1209 2695 sibi

149 2714 383 2811 ,praeferentis
406 2714 559 2799 seqnitur
577 2716 735 2802 vestigia,
758 2716 843 2780 alter
860 2716 1011 2787 medium
1026 2717 1198 2801 quoddam

160 2833 278 2887 tenens
292 2817 355 2882 iter
369 2815 459 2886 iuter
476 2816 688 2889 Graecorum
702 2819 964 2906 simplicitatem,
979 2819 1109 2906 saepius
1124 2819 1199 2884 fere

158 2919 430 3008 incompositam,
438 2931 537 3006 atque
547 2919 686 2989 effusam
698 2921 926 2989 recentiorum
937 2945 1109 3011 pompam,
1123 2923 1200 2989 sine

159 3022 381 3091 ostentatione
403 3034 453 3091 est
464 3024 680 3110 magnificus,
703 3026 774 3091 sine
790 3016 967 3102 jactatione
983 3024 1080 3088 fortis
1095 3036 1198 3110 atque

158 3125 283 3205 vitilia,
319 3124 465 3210 deniquo
493 3137 625 3202 conitus
656 3137 690 3191 et
714 3129 847 3210 elegans
870 3125 941 3190 sine
964 3124 1196 3201 adfectatione.

158 3229 219 3296 llis
247 3237 361 3293 autem
383 3227 522 3319 adjungi
542 3239 853 3315 quatumquemque
872 3229 1099 3294 recentiorum
1118 3229 1198 3315 dig-

71 3379 78 3388 .
149 3355 243 3401 -nnm
274 3326 560 3421 existimabimus?
596 3327 682 3394 Mihi
710 3330 797 3397 inter
821 3352 877 3393 eos
898 3353 981 3416 qnos
1002 3332 1083 3395 novi
1105 3331 1198 3416 digni

156 3445 238 3501 ante
252 3432 333 3505 alios
345 3428 523 3510 videntur,
544 3451 562 3494 e
576 3428 874 3518 Francogallorom
887 3434 997 3518 poetis
1012 3434 1196 3517 Boilavius,

158 3538 439 3612 cGermanorum
455 3532 653 3609 Gessnerus.
696 3535 735 3598 In
752 3528 1049 3621 quorum'alterins
1063 3537 1197 3623 satyris,

154 3651 296 3729 excepta
312 3637 368 3702 illa
382 3634 533 3723 quamtin
549 3633 669 3702 urbem
686 3634 892 3716 Parisiorum
907 3636 999 3717 fecit,
1013 3648 1052 3701 ut
1066 3634 1211 3725 opinor','

145 3734 364 3822 adolescens,
387 3738 477 3803 inest*
492 3735 649 3803 nativum
675 3732 843 3822 quoddam
866 3738 971 3803 robur
986 3751 1087 3824 atque
1106 3741 1196 3809 viri-

156 3846 195 3913 lis
213 3842 398 3908 maturitas·
424 3839 510 3929 ¹Qui
524 3838 687 3924 quidquid
701 3839 764 3905 sibi
777 3839 897 3905 sumsit
908 3840 1099 3923 ridendum,
1115 3866 1196 3907 sen-

153 3947 339 4012 tentiarum
353 3942 505 4031 pondere.
517 3964 557 4007 ac
573 3942 715 4006 veritate
734 3932 804 4006 non
817 3942 930 4008 minus
946 3943 1079 4010 conficit
1092 3969 1195 4033 quam

140 4045 332 4126 ‚acumina
360 4042 546 4125 certissimo
559 4043 626 4108 telo
641 4043 807 4129 quidquid
820 4045 905 4134 petit
918 4047 1054 4117 feriens.
1097 4049 1197 4116 Alte-
