2708 4636
515 312 848 401 *⁵9*-

144 500 255 577 gatur.
288 485 429 554 vorum
449 484 534 551 haec
553 483 698 551 minima
717 506 811 573 pars
805 486 870 551 'est
891 476 1043 554 emonii.
1068 486 1192 576 usquo

145 590 345 708 erdmboo
334 608 452 678 ipsum
467 587 578 675 qnod
577 598 648 655 tam
672 586 803 674 longo
792 587 915 653 1tinerc
936 591 1118 677 quaesivit,
1141 599 1192 659 eet

145 695 287 763 omnino
307 716 328 759 a
347 700 449 780 poeta
468 701 665 779 repertum.¹
698 690 786 756 Illud
802 700 926 781 nempe
949 691 1028 781 quid
1051 715 1122 763 esse
1134 691 1193 758 diJ

145 799 247 865 cam?
277 799 326 868 Ut
338 791 502 861 aruficem
519 792 699 873 laudaret?
719 791 900 880 Egregium
915 815 998 861 vero
1011 794 1192 864 Praxitelis

144 876 299 981 landem,
321 921 351 963 ιι
341 894 551 983 quidquid
541 918 577 962 m
591 896 686 983 signo
701 896 760 985 illp
776 908 811 962 ct
820 895 991 962 laudabile
1004 909 1079 963 erat
1086 911 1123 965 et
1128 892 1194 964 di-

145 1003 263 1069 vinum
282 1012 319 1067 et
339 997 548 1067 simillimum
569 998 730 1080 Veneris,
752 1019 823 1064 non
846 1007 897 1062 est
917 997 992 1062 ab
960 1019 1057 1089 ipso
1077 1000 1138 1067 sed
1147 999 1193 1071 ab

147 1127 187 1168 eo
200 1126 271 1191 quo
284 1110 365 1192 usus
377 1099 472 1166 {uit
461 1112 687 1167 instrumento
699 1086 902 1199 proiectum
944 1082 996 1167 Ita
1013 1096 1200 1201 uePr'aii
1259 1106 1261 1110 ’

146 1205 222 1271 telis
236 1184 375 1291 quidem
396 1224 500 1292 opera
511 1203 796 1291 desiderabatur.
803 1213 837 1269 et
856 1201 1037 1268 vilissimus
1051 1203 1197 1290 quisque

112 1370 116 1375 .
148 1305 265 1396 opifex
282 1307 374 1375 idem
397 1305 626 1395 praestitisset
672 1307 770 1399 Quin
797 1329 841 1374 ne
863 1327 949 1392 opus
969 1304 1139 1391 quidem
1126 1304 1198 1371 mit

148 1410 217 1476 ulla
230 1406 375 1476 bominis
389 1431 506 1477 mauu.
550 1411 705 1477 Fortasse
723 1421 840 1499 autem
851 1407 966 1497 ipsum
980 1427 1044 1494 per
1058 1427 1096 1471 se
1111 1405 1200 1472 arti·

117 1548 120 1557 f
148 1512 263 1578 ficium
277 1509 461 1578 laudatur?
505 1512 552 1580 At
562 1514 628 1580 hoo
641 1512 774 1581 laudari
794 1534 864 1576 non
876 1520 1010 1600 poterat
1023 1508 1096 1573 siue
1112 1496 1200 1581 euti-¹

149 1613 220 1682 ficis
232 1625 394 1704 respectu.
438 1614 527 1690 Nam
541 1588 798 1682 admirationem
810 1592 1111 1685 Ιιιιὶιιιὶιιιιιιιιὶἱιιιι,1
1133 1609 1201 1676 nisi
1298 1608 1301 1617 ’

149 1718 192 1783 ab
213 1716 353 1783 homine
372 1707 579 1807 profectum.
622 1718 689 1784 Dei
709 1728 825 1782 autem
845 1715 986 1797 arbitrio
1007 1723 1112 1798 atque
1133 1734 1203 1779 nn·

149 1818 242 1892 mine
254 1821 283 1886 si
295 1830 368 1887 crat
381 1819 531 1905 factum,
553 1816 667 1890 nihil
655 1840 693 1899 m
711 1819 771 1885 illo
785 1815 906 1884 accidit
916 1813 1071 1881 mirabile
1086 1820 1202 1915 neq‘uu

149 1923 367 1991 laudandum.
411 1922 539 2012 Quod
528 1945 643 2013 ipsum
658 1921 725 1988 alio
740 1923 816 1988 loco
832 1919 1017 1986 declaravit
1027 1902 1203 1992 Ausobius

151 2026 218 2090 hoe
237 2045 360 2088 versu.

271 2148 351 2212 Non
366 2164 443 2213 sunt
459 2151 738 2232 castanetum,
762 2152 820 2216 sed
844 2149 988 2213 artificis.
1104 2138 1108 2153 ¹

161 2368 170 2375 ,
238 2288 306 2361 Sed
315 2293 769 2387 nullamajoriuhocgenere
778 2294 877 2385 pestis
886 2292 1009 2363 suilla,
1020 2313 1107 2378 qnae
1115 2315 1205 2359 ver·
1338 2374 1341 2385 1

98 2412 102 2419 ·
151 2406 249 2481 satur
268 2395 304 2461 in
324 2394 464 2463 diversis
479 2398 747 2489 auimimotibus
763 2412 864 2488 atque
878 2393 1203 2488 perturbationibus.
1252 2458 1254 2463 .

152 2498 241 2595 iiam
255 2498 293 2565 in
305 2496 424 2564 ceteris
438 2497 510 2566 fere
522 2500 680 2572 omnibus
698 2503 812 2586 rebus,
826 2502 854 2569 si
869 2499 951 2587 quid
965 2495 1007 2563 ab
1023 2496 1086 2564 hac
1104 2507 1206 2587 parto

153 2599 255 2695 [uerit
275 2612 473 2690 peccatum,
502 2603 590 2675 illud
611 2617 644 2671 et
668 2605 802 2695 modice
820 2604 928 2681 lentur
948 2614 983 2668 et
1001 2601 1207 2689 simplicitur

154 2700 317 2799 displicet.
349 2703 392 2767 Iu
403 2701 455 2769 his
469 2718 603 2788 autem,
625 2708 655 2773 si
669 2709 748 2796 qnid
765 2731 888 2795 parum
902 2719 951 2770 est
964 2704 1128 2784 naturale,
1142 2713 1209 2773 aut

156 2802 199 2890 ab
215 2803 368 2869 humana
380 2806 503 2870 mentis
514 2808 629 2875 indole
640 2811 799 2886 alienum,
820 2806 1040 2872 vehementer
1053 2826 1211 2869 nausea--

156 2928 232 2983 mus
251 2901 512 2991 saepissimeque
536 2909 616 2973 inde
644 2909 752 2979 animi
770 2906 1011 2976 commotiones
1033 2903 1094 2972 illis
1113 2926 1213 2991 quasa¹
1313 2989 1315 2993 ¹

157 3014 370 3095 quaeruntur
390 3003 541 3092 existunt
560 3008 760 3083 contrariae,
801 3009 890 3075 Nam
910 3029 975 3097 pro
997 3016 1130 3076 terrore
1145 3005 1213 3094 inq

157 3106 318 3196 dignatio,
335 3104 406 3194 'pro
421 3106 653 3176 misericordia
665 3109 849 3193 fastidium,
865 3134 928 3201 pro
942 3110 1100 3199 lacrymis
1115 3110 1213 3189 rinus

158 3212 207 3298 ita
226 3208 386 3277 facillime
400 3224 567 3279 movetur.
613 3211 693 3301 Quo
707 3213 830 3280 vitium
843 3216 977 3287 nullum
991 3213 1215 3299 frequentius

161 3325 212 3397 est
234 3313 273 3382 in
294 3312 405 3402 poetis
417 3311 663 3402 Francogallis3
685 3339 830 3402 quorum
845 3318 883 3385 iu
896 3339 994 3389 scena
1009 3316 1169 3385 herocs'is
1181 3339 1217 3389 t-

159 3414 258 3504 genio
281 3424 427 3496 certant,
456 3429 606 3491 amantes
629 3418 802 3495 antithetis
822 3418 1065 3506 ingemiscunt,
1097 3418 1217 3503 'atquc

160 3516 357 3585 moribundi
367 3517 403 3580 in
415 3520 569 3589 acumine
577 3520 690 3610 aliquo
704 3523 891 3612 exspirant.-
905 3519 1218 3609 Atquehaeaqud·
1275 3532 1279 3541 '

162 3620 260 3701 dem,
280 3641 324 3683 ne
346 3621 418 3709 quis
439 3624 545 3708 nimia
566 3623 633 3691 dici
653 3648 674 3690 a
695 3625 793 3694 nobis
814 3625 1013 3706 existimet‚·
1029 3623 1219 3712 exemplis,

163 3732 332 3821 quantum
354 3723 431 3805 satis
446 3727 632 3801 videbitur,
656 3728 912 3804 declarabimus.

112 3870 114 3879 ’
129 3936 131 3940 ,
174 3904 179 3910 -
249 3856 450 3949 Huiusmodi
460 3872 560 3960 plura
573 3875 668 3943 u'obis
676 3872 907 3966 suppeditabit
920 3873 1037 3940 Petrus
1052 3870 1222 3955 illeCc‘·
1175 3896 1222 3949 ju·

166 3968 296 4046 aelius,
329 3968 440 4054 q'uem
455 3976 622 4064 Magnum
645 3972 869 4076 Francogalli'
890 3976 998 4042 solent
1024 3975 1166 4065 a'ppella
1176 3984 1224 4049 τὲ

172 4070 253 4164 Qui,
277 4093 356 4139 cum
377 4070 520 4165 Surena,
540 4082 747 4153 Parthorum
761 4084 842 4166 dux,
865 4082 907 4149 ob
923 4076 1225 4152 Euriffic'esan'so-
