2708 4636
458 359 462 366 ,
542 283 866 355 mats...-

190 475 261 518 ·.·..
300 493 344 516 ι-
386 476 468 527 noto
484 462 582 524 citius
597 460 791 546 volucrique
807 447 945 550 'sagitta'

187 552 270 617 Ad
283 567 402 617 terrant
415 549 520 636 fugit,
544 561 578 609 et
595 562 695 630 portu
717 569 751 610 se
768 549 915 613 condidit
931 556 1007 616 aito

255 655 314 746 En
336 679 401 743 hac'
422 674 527 764 igitur
552 674 646 740 nuda
667 674 741 741 fere
757 697 875 744 rerum
895 676 1118 770 descriptione
1139 679 1216 747 satis

113 806 114 815 ¹
173 782 328 850 existimo
354 791 472 868 patere
484 777 536 858 ul,
558 778 650 864 quod
670 756 949 867 supradiximus,
970 805 1133 876 maguam
1147 805 1219 849 esse
1303 777 1315 869 ’Ἰ

170 888 275 966 hujus
289 883 354 950 loci
368 884 423 948 vel
432 881 501 948 ab
491 904 564 969 apsa
576 880 774 947 inventione
789 885 1038 970 praestantiam,
1060 889 1218 976 poetam-
1277 894 1304 921 -“

171 1011 239 1076 que
260 989 354 1054 hune
375 985 497 1050 ludum
520 994 613 1047 tanta
633 1007 770 1055 ornasse
790 985 971 1069 varietate,
998 1002 1219 1075 quantacum-

172 1113 240 1177 que
254 1090 289 1156 in
302 1088 366 1153 hae
380 1084 567 1171 argumenti
581 1081 796 1174 simplicitate
808 1099 940 1176 poterat
955 1090 1103 1178 cogitari.
1132 1093 1219 1158 Cer·

173 1207 210 1258 te
218 1212 319 1256 naves
336 1187 502 1274 aequabili
519 1189 705 1276 eodemque
726 1213 827 1258 cursu
843 1191 923 1256 alias
937 1190 1079 1279 priores,
1101 1183 1220 1281 pestess

171 1298 277 1365 riores
303 1294 382 1363 alias
402 1292 445 1357 ad
467 1304 598 1373 metam
614 1288 821 1381 perducere,
842 1294 944 1360 nimis
966 1280 1054 1359 exile
1074 1305 1108 1368 et
1130 1295 1220 1380 jeju-

145 1398 150 1461 }
173 1423 259 1468 num
275 1399 403 1475 fuisset.
438 1395 556 1483 Neque
569 1419 673 1484 porro
686 1401 740 1464 vel
754 1398 833 1464 satis
847 1397 1020 1476 allexisset
1032 1397 1220 1484 legentium

155 1504 319 1585 animos,
341 1500 396 1566 vel
409 1522 530 1564 eorum
550 1498 683 1566 fastidio
700 1499 854 1582 cavisset,
872 1501 1014 1568 ,easdem
1033 1499 1221 1586 naves'jam

172 1607 357 1694 superatas,
378 1603 450 1686 jam
470 1613 678 1688 superantes,
700 1602 760 1666 sed
770 1603 864 1667 nulla
880 1590 1106 1690 probabili'de
1120 1624 1221 1668 eaus-

170 1731 225 1790 sa‚
245 1707 386 1794 fingens.
429 1703 516 1770 Illud
537 1705 656 1791 utique
677 1705 817 1789 dignum
837 1704 970 1791 iugenio
989 1702 1125 1792 Virgilii
1137 1711 1220 1783 erat,
1290 1694 1293 1703 “

170 1821 301 1876 tantam
323 1831 461 1875 casuum
485 1809 684 1874 varietatem
705 1829 776 1872 non
792 1805 926 1871 aliunde
938 1803 1081 1887 inferre,
1103 1805 1221 1871 sodex

171 1912 284 2002 prima
296 1911 362 1976 loci
379 1910 600 1999 descriptione
614 1911 708 1975 velut
723 1921 845 1999 sponte
860 1909 1036 1990 evolvcre3
1057 1907 1141 1972 haec
1154 1929 1220 1972 au·
1271 1934 1273 1940 ’

171 2026 241 2079 tem
256 2011 379 2094 deinde
392 2010 439 2074 ita
452 2033 603 2092 narrare,
621 2023 742 2077 utnon
755 2014 865 2098 legere
880 2002 993 2092 nobis,
1013 2010 1124 2083 sedin
1139 2017 1221 2100 spe-

174 2114 342 2180 ctantium
357 2109 459 2182 turba
475 2110 685 2176 considentes
698 2135 774 2176 rem
788 2113 892 2182 oculis
907 2111 997 2176 tueri
1010 2110 1220 2177 videremur·

259 2210 374 2301 Atque
392 2212 476 2277 haec
507 2211 644 2276 tandem
666 2212 731 2276 rite
757 2214 919 2299 praetatis
941 2211 1037 2290 nobis
1051 2209 1222 2285 'mouendi

176 2316 265 2397 estis,
282 2301 479 2382 Auditores!
502 2327 543 2380 ut
561 2313 721 2381 laudabili
734 2313 875 2381 honeste
891 2315 982 2380 inter
993 2337 1030 2379 se
1045 2313 1223 2406 aemulan·

120 2407 123 2416 ’
173 2421 262 2486 tium
281 2418 496 2483 contentione
516 2417 601 2484 haec
624 2417 710 2482 novi
722 2415 913 2484 studiorum
928 2441 1046 2508 cursus
1061 2406 1223 2504 tauquam

173 2521 280 2587 stadia
299 2517 515 2594 emetiamini.
540 2519 641 2610 Quae
662 2543 715 2586 res
728 2544 798 2586 non
815 2507 858 2586 ad
878 2519 1105 2610 temporariae
1117 2517 1221 2597 modo
1291 2571 1297 2584 .

173 2624 285 2694 laudis
300 2621 471 2706 fructum,
492 2621 549 2687 sed
566 2624 609 2690 ad
624 2625 727 2691 totius
744 2624 836 2711 y'itae·
848 2623 1027 2699 utilitatem
1041 2621 1180 2691 valebit.
1215 2690 1218 2694 ,

190 2871 1215 2970 mam-‘W

219 3106 222 3123 =
363 3073 537 3144 SUPER
565 3075 768 3148 SINONE
796 3076 1036 3147 VIRGILII.

310 3178 313 3183 Ι
390 3168 392 3176 <
529 3230 876 3322 AENE1(D.11.57‚

601 3401 809 3428 Μ

182 3594 330 3732 Insigne
350 3645 542 3728 artificium,
565 3667 631 3732 quo
646 3642 772 3711 isthaec
786 3642 965 3735 Virgiliani
980 3644 1137 3713 carminis
1149 3666 1229 3739 pars

185 3749 368 3862 composita
389 3764 455 3832 est,
486 3748 687 3840 explicituri
700 3747 866 3830 breviter,
895 3747 997 3816 missa
1017 3749 1230 3836 singularum
1290 3758 1297 3814 ζ

185 3849 475 3942 minimarumque
496 3876 615 3919 rerum
634 3851 865 3935 enarratione,
893 3874 980 3940 quae
1001 3852 1139 3951 quidem
1159 3855 1233 3920 lar-

115 3975 267 4046 ·gam
287 3955 512 4042 amplissimae
535 3952 788 4044 disputationi
775 3954 956 4043 materiam
970 3943 1235 4046 suppeditarent,

166 4059 390 4154 ''universam
405 4059 507 4126 modo
521 4060 781 4153 descriptionem
792 4038 1081 4148 perlustrabimus,
1091 4072 1126 4127 et
1139 4082 1236 4143 sum·
1316 4112 1319 4121 .
