2708 4636
34 1183 36 1186 ,
137 1079 335 1195 Veterum
362 1123 669 1229 recentiorumque
705 1133 825 1214 poetas
856 1119 1015 1192 maxime
1045 1129 1193 1201 illustre·

132 1232 235 1324 ·apud
270 1229 422 1295 animum
456 1215 708 1294 recenseulibus
741 1228 858 1294 multis
891 1214 1047 1296 mirabile
1076 1231 1190 1301 forsan
1240 1315 1244 1332 1

52 1405 60 1411 .
138 1334 312 1413 videatur,
350 1330 480 1420 quod
470 1353 506 1395 1n
527 1331 622 1394 omni
644 1332 771 1418 populo
793 1343 896 1418 atque
919 1343 1038 1399 aetate
1049 1346 1121 1402 tam
1144 1337 1190 1402 sit

10 1434 11 1441 ἵ
75 1482 77 1488 ν
140 1438 266 1506 eximia
285 1458 404 1501 eorum
426 1434 596 1522 paucitas,
618 1431 784 1518 inquibus
802 1457 872 1499 non
888 1435 960 1500 sani
974 1436 1190 1527 incorrupti·

138 1564 205 1630 que
232 1539 346 1627 judicii
364 1537 416 1602 ris
438 1536 625 1624 plurimum
645 1534 864 1602 desideretur.
912 1537 1000 1604 Nam
1025 1550 1065 1606 ut
1085 1532 1191 1634 omit-
1243 1532 1245 1537 ⁵

136 1657 205 1712 tam
221 1643 308 1723 illos,
318 1640 377 1727 qui
390 1637 605 1723 vergentibus
617 1638 686 1721 jam
699 1637 741 1701 ad
757 1639 933 1705 interitum
949 1640 1079 1724 litteris,
1088 1665 1188 1709 com·-
1209 1647 1211 1653 ’

134 1747 233 1813 ιιιιιιιί
253 1741 415 1830 temporis
433 1741 484 1805 sui
497 1738 596 1804 ruina
613 1749 693 1837 sunt
708 1739 855 1829 collapsi,
877 1743 937 1807 vel
951 1745 1081 1832 optima·
1094 1767 1185 1833 qua·

134 1849 184 1915 vis
207 1857 315 1911 aetate
338 1841 437 1908 multi
456 1841 593 1927 ingenio
606 1852 821 1928 praestantes,
836 1845 926 1909 etad
940 1845 1082 1931 gloriam
1096 1848 1190 1916 veris
1256 1862 1260 1868 '

136 1947 264 2013 artibus
284 1957 446 2026 rectaque
468 1945 525 2007 via
538 1955 705 2029 quantum
720 1955 876 2031 poterant
889 1945 971 2027 nixi,
993 1945 1190 2037 saepissime

137 2058 251 2112 tamen
270 2044 462 2108 aberrantes
485 2043 527 2106 ab
550 2055 656 2107 semet
678 2045 760 2130 ipsis
773 2049 872 2111 uelut
885 2048 1107 2128 desciverunt,
1128 2063 1187 2117 at·-
1233 2112 1235 2119 ,

23 2219 28 2226 ,
136 2171 204 2236 quc
216 2133 339 2210 adfinia
351 2143 488 2231 singulis
499 2143 678 2217 virtutibus
690 2144 773 2207 vitia
784 2158 1038 2236 captantes‚pro
1050 2151 1189 2238 magni·
1273 2180 1277 2187 ·

133 2249 254 2315 tudine
281 2258 473 2328 tumorem,
506 2266 572 2332 pro
601 2242 758 2308 acumine
791 2246 948 2334 putidum
975 2255 1189 2336 argutiarum

53 2398 56 2405 -
132 2351 258 2438 frigus,
281 2373 343 2437 pro
370 2347 466 2437 copia
494 2343 691 2430 divitiisque
719 2344 864 2414 inertem
893 2341 1064 2436 quandam
1083 2352 1188 2420 Ῑιιιιιι.ι

131 2454 217 2520 riem
240 2464 320 2518 sunt
344 2450 468 2532 scruti,
511 2447 653 2538 perinde
683 2449 779 2535 quasi
805 2451 915 2515 multo
946 2450 1079 2520 facilior
1101 2466 1188 2522 esset

27 2562 29 2569 '
60 2578 63 2592 ’
133 2580 250 2627 rerum
268 2555 518 2645 praeclararum
535 2549 686 2630 inventio
702 2573 802 2637 quarn
818 2549 969 2620 dilectus.
998 2551 1078 2641 Ejus
1093 2559 1202 2625 cala··

21 2697 25 2704 ‚
129 2660 258 2726 mitatis
296 2681 426 2724 caussas
458 2675 518 2741 ego
545 2643 582 2718 in
612 2653 749 2738 singulis
772 2656 890 2743 plures
906 2669 1008 2745 atque
1023 2657 1187 2742 diversas,
1212 2689 1216 2699 “

130 2764 347 2851 plerumque
357 2769 471 2822 autern
494 2777 690 2820 communes
711 2777 781 2820 esse
804 2756 1029 2843 potissimum
1035 2762 1184 2831 arbitror

130 2875 317 2952 sequentes.
341 2858 475 2928 Scilicet
491 2855 613 2944 id‚quo
627 2867 726 2943 poeta
741 2858 928 2943 plurimum
941 2868 1041 2946 valet,
1051 2864 1122 2933 vim
1137 2869 1184 2935 il.

131 2964 365 3035 lamdioovisa
378 2984 495 3028 rerum
505 2971 606 3045 atque
618 2957 780 3072 imagines
795 2962 1000 3051 concipiendi
1016 2974 1183 3049 majorem
1260 2983 1266 2992 '

111 3083 240 3158 atque
261 3065 550 3133 vehementiorem
572 3080 674 3144 quam
697 3059 734 3125 in
755 3062 923 3149 plerisque
942 3068 1086 3152 obtinet,
1109 3072 1182 3137 sive
1237 3091 1239 3094 ⁴
1304 3070 1305 3076 '

95 3235 105 3247 „
129 3168 384 3262 phantasiam
358 3191 431 3233 sive
442 3184 643 3253 quocunque
657 3162 721 3229 alio
735 3167 872 3232 nomine
887 3173 1058 3257 appellare
1077 3118 1193 3254 lubet,

130 3297 170 3348 ea
191 3274 293 3388 igitur
310 3294 388 3336 cum
403 3266 484 3334 certi
511 3263 659 3354 acrisque
679 3266 794 3351 judicii
814 3268 1025 3338 subtilitate'
1014 3299 1051 3341 ιιι
1067 3275 1182 3362 paucis

131 3375 282 3441 omnino
294 3371 489 3439 hominibus
519 3381 569 3434 est
591 3372 781 3457 conjuncta
807 3371 899 3438 Non
921 3376 1111 3463 equidepn
1100 3389 1181 3443 istas

127 3501 200 3552 res,
221 3471 313 3542 velut
335 3470 423 3562 quae
445 3484 567 3538 natura
591 3482 670 3549 sunt
690 3475 874 3557 contraria,
910 3475 952 3539 ab
974 3476 1181 3547 seinvicem
1268 3552 1271 3555 ,

129 3581 329 3660 abhorrere,
352 3589 455 3664 atque
471 3597 573 3640 omne
588 3574 626 3641 iu
640 3597 712 3640 uno
726 3574 864 3643 homine
878 3578 971 3663 quasi
994 3581 1180 3648 contuber-

128 3683 226 3748 nium
240 3690 394 3764 recusare
408 3667 689 3767 existimaverimz
721 3695 802 3744 nam
818 3691 851 3744 et
862 3701 1013 3747 summos
1027 3681 1177 3770 philoso-

57 3863 60 3869 ,
122 3787 217 3876 ¹phos
243 3785 417 3874 phantasia
439 3783 622 3872 plurimum
639 3782 778 3855 valuisse
793 3795 933 3863 constat,
955 3784 1047 3850 velut
1060 3786 1176 3853 Plato·

95 3917 97 3920 ’
127 3892 326 3977 nmatque'
340 3887 555 3968 Leibnitium,
577 3887 614 3952 in
639 3885 765 3972 divinis
775 3900 889 3953 autem
904 3888 1010 3975 poetis
1027 3888 1176 3959 Homero

126 3991 336 4079 Virgilioque
357 4015 424 4058 non
447 3991 553 4078 magis
572 3990 760 4077 ingenium,
783 4015 886 4079 quam
902 3991 1040 4057 rationis
1057 3995 1175 4059 lumen

126 4107 231 4185 atque
254 4093 372 4191 judicii
406 4096 481 4167 rim
511 4095 734 4185 quamdam
721 4116 924 4167 immensam
952 4094 1172 4167 admiramur.

898 4195 962 4265 Aa

1317 2509 1328 2538 Ι
