2708 4636
535 339 866 415 *851*-

155 526 346 609 sugentem,
368 529 485 585 tamen
504 513 729 581 multitudinis
744 508 868 594 judicio
885 514 1039 606 probari,
1062 540 1101 610 eo
1113 519 1220 610 magis

134 678 143 682 -
165 625 362 693 1111111111111
378 620 602 699 oritanimus,
625 641 668 684 ne
683 616 771 683 forte
783 616 829 681 in
844 618 945 702 hujus
966 621 1075 689 laudis
1088 646 1220 714 posses·
1285 697 1288 708 ¹

165 729 270 794 «sione
282 726 347 792 sibi
361 721 654 808 nimiusqptsoens
679 721 818 804 ejusque
830 721 973 788 tuendae
988 717 1130 811 cupidus
1142 740 1222 792 sen·

96 835 100 844 '
152 832 236 896 ssim
250 854 271 895 a
286 851 369 894 uera
389 823 445 889 ria
468 821 630 887 deflectat.
676 820 901 910 Quapropter
924 826 990 890 erit
1005 847 1159 910 necesse,
1181 841 1223 896 ut

174 944 269 997 tauto
284 927 479 1014 diligentius
495 923 537 988 ad
552 947 588 988 se
602 923 764 1004 attendat,
786 927 989 1012 penitusque
1001 949 1071 994 sese
1083 944 1223 1018 perten-

73 1081 78 1089 ι
141 1024 235 1118 ',„-tet‚
260 1055 344 1098 num
360 1029 452 1095 forte
465 1038 609 1118 propter
624 1049 665 1092 ea
678 1026 855 1115 placuerit,
878 1026 922 1090 ob
936 1050 1022 1113 quae
1035 1033 1144 1097 multo
1158 1035 1223 1102 sibi

170 1137 295 1204 melius
316 1133 420 1198 fuerit
446 1130 662 1220 reprehendi.
719 1127 831 1215 Atque
852 1132 985 1194 tametsi
1011 1133 1139 1220 optime
1159 1138 1223 1203 sibi

73 1271 75 1274 >
104 1292 107 1297 ,
173 1261 236 1329 per
259 1234 373 1302 omnia
392 1234 559 1310 conscius,
584 1238 701 1298 tamen
716 1252 826 1318 neque
848 1231 896 1295 sic
908 1230 1053 1297 nimium
1078 1238 1224 1321 gaudeat

126 1421 132 1432 Ι
174 1340 331 1432 populari
347 1337 450 1417 fama,
470 1356 536 1420 qua
551 1333 635 1398 nihil
655 1345 704 1398 est
716 1332 972 1414 inconstantius,
994 1335 1224 1407 utf01·teloco

106 1511 110 1517 ,
155 1512 157 1516 ,
175 1445 294 1531 pulsus
310 1464 329 1505 a
346 1438 515 1508 deteriore
531 1450 564 1499 et
578 1433 699 1500 leniter
713 1435 778 1500 hoo
791 1433 888 1516 ferat,
911 1460 1023 1525 neque
1037 1441 1106 1524 ejus
1120 1465 1225 1511 recu·
1272 1456 1291 1483 ‘v

170 1542 316 1635 ¹perandi
332 1564 447 1607 caussa
462 1539 649 1626 quidquam
659 1535 771 1611 faciat,
793 1538 882 1622 quod
894 1561 1017 1626 parum
1030 1565 1066 1606 se
1081 1543 1225 1632 dignum

97 1682 103 1689 ,
170 1648 341 1715 videatur.
392 1645 498 1734 Quae
519 1638 672 1730 profecto
695 1659 749 1712 res
769 1638 848 1704 satis
872 1641 988 1726 urgeri
1010 1666 1080 1708 non
1098 1660 1224 1741 potest,

175 1751 335 1838 quoniam
368 1747 411 1812 ab
439 1748 503 1812 hae
524 1753 623 1831 parte
652 1740 802 1806 maxima
819 1739 987 1808 humanae
1010 1757 1153 1813 natutae
1173 1760 1225 1816 est

78 1868 80 1872 “
174 1846 395 1930 imbecillitas,
410 1849 605 1931 multosque
619 1867 745 1931 parum
758 1847 960 1931 tempestive
972 1845 1034 1912 sibi
1054 1849 1226 1935 plauden-

174 1955 264 2018 tium
279 1951 411 2015 studia'
402 1962 448 2014 xta
461 1948 703 2033 perdiderunt,
725 1956 764 2008 ut
779 1968 822 2012 ex
836 1946 934 2013 bonis
948 1961 1049 2035 atque
1063 1953 1225 2039 probabi·

173 2054 265 2119 libus
288 2049 385 2113 facile
408 2047 544 2132 pessimi
562 2045 798 2109 redderentur.
847 2048 966 2132 Neque
987 2051 1079 2115 enim
1102 2053 1225 2120 incen-

178 2174 255 2218 sum
269 2149 374 2212 semel
386 2146 513 2230 gloriae
525 2144 675 2207 studium
685 2156 745 2207 aut
756 2143 859 2207 modo
871 2149 941 2232 ullo
959 2162 1018 2213 aut
1033 2149 1102 2216 fine
1114 2167 1227 2242 potest
1285 2136 1290 2158 ⁸

177 2249 356 2330 contineri,
378 2248 581 2314 sedtemere
602 2253 785 2328 evagatum
809 2265 914 2328 eoque
928 2247 1060 2313 animus
1073 2252 1237 2323 obsessus·

122 2400 129 2412 ι
178 2358 269 2422 ultra
286 2351 373 2417 vires
388 2373 424 2414 se
436 2351 549 2443 jactat,
563 2358 597 2410 et
613 2367 699 2434 quae
714 2355 754 2410 ut
767 2345 854 2410 bona
870 2346 957 2412 vidit
969 2350 1118 2437 probari,
1139 2357 1226 2425 dum
1248 2421 1253 2432 X

164 2457 290 2530 ,studet
313 2454 494 2520 emendare
513 2462 612 2536 atque
625 2450 662 2514 in
682 2449 790 2532 majus
806 2449 972 2533 attollere,
994 2454 1129 2540 penitus
1146 2471 1226 2526 cor'-
1296 2462 1334 2495 ¹⁹

176 2558 322 2647 rumpit.
344 2558 502 2625 ¹Etenim
515 2553 552 2616 in
571 2553 635 2625 hoc
657 2573 757 2639 saepe
777 2552 847 2617 viri
859 2551 1024 2620 simillimi
1034 2579 1151 2626 sumus
1168 2562 1227 2631 in·
1260 2583 1274 2646 f
1324 2561 1328 2572 '

176 2663 330 2741 fantum,
351 2661 409 2747 qui
427 2660 508 2730 dum
525 2680 586 2721 nos
602 2653 722 2744 vident
741 2657 1225 2732 101111111111111111111011111111-1

176 2789 227 2842 re,
243 2766 332 2831 idem
347 2761 443 2825 toties
459 2769 621 2846 repetunt
634 2768 734 2842 atque
745 2756 928 2824 inomnem
939 2773 1073 2845 partem
1087 2788 1225 2848 versum

150 2903 152 2906 ⁴
179 2880 248 2934 tam
274 2887 371 2950 saepe
385 2862 609 2946 ingeminant,
631 2857 740 2921 donec
760 2870 871 2924 tacere
891 2861 973 2942 jussi
991 2865 1225 2936 multominus
1271 2903 1272 2906 ¹

178 2967 368 3060 placuerint
382 2961 567 3027 festivitate
581 2981 682 3044 quam
699 2958 927 3044 displicuerint
940 2965 1101 3047 garrula
1090 2983 1243 3057 inepta-

179 3095 247 3159 que
262 3064 495 3134 adl'ectatione.
539 3062 589 3126 Ita
604 3079 664 3143 ego
679 3059 795 3146 plures
809 3059 882 3124 vidi
896 3062 1075 3150 scriptores
1090 3069 1224 3159 ingenio

144 3240 146 3245 .
180 3181 406 3287 praestantes,
435 3164 543 3251 qu'os
542 3163 591 3232 ita
614 3161 812 3228 infatuasset
831 3164 1056 3233 multitudinis
1077 3173 1238 3242 admira·
1293 3205 1295 3210 ·

180 3279 241 3361 tio,
263 3291 303 3339 ut
316 3277 384 3350 jam
398 3266 648 3356 propemodum
665 3287 759 3329 senes
774 3265 969 3333 viderentur
980 3293 1226 3364 repuerascere,

181 3391 281 3492 atque
295 3375 332 3439 in
347 3373 436 3438 illis
426 3370 507 3459 ipsis
523 3367 675 3432 maxime
686 3380 797 3432 essent
810 3368 981 3458 inepti,ob
990 3395 1085 3482 quae
1087 3376 1227 3446 fortasse

137 3522 159 3550 -,
180 3482 333 3572 primum
352 3499 420 3541 non
433 3473 555 3539 vitiosa
570 3480 666 3532 aiant
688 3469 827 3536 laudati.

234 3582 372 3649 verum
387 3577 487 3689 hujus
501 3572 600 3638 etiam
615 3572 719 3660 pestis
733 3574 923 3638 immunem
938 3573 980 3638 ab
995 3577 1061 3642 alia
1075 3600 1145 3646 non
1158 3584 1223 3651 mi

171 3696 245 3753 'nus
266 3683 323 3747 illa
337 3678 524 3768 perniciosa
544 3675 669 3761 jubebo
693 3673 755 3738 sibi
775 3697 877 3761 quam
901 3675 1256 3763 diligentissimeca-

183 3807 282 3851 vere.
305 3804 371 3867 qua
383 3804 508 3868 nempe
525 3777 680 3842 nonnulli
702 3777 865 3864 correpti,
888 3800 966 3843 cum
981 3783 1043 3847 toti
1059 3797 1093 3849 et
1108 3788 1225 3878 singu-

93 3904 99 3924 *
183 3877 270 3958 lares
285 3898 320 3950 et
336 3907 389 3948 sur
380 3879 643 3945 alterineminr
634 3879 846 3965 quidquam
863 3882 971 3947 videri
984 3884 1104 3951 volunt
1120 3889 1226 3957 debe·
1270 3916 1271 3919 ¹

183 4015 237 4072 1e,
259 4012 321 4078 per
334 3987 449 4050 omnia
465 3996 495 4048 et
509 4007 601 4047 nova
614 3995 647 4048 e
634 3982 814 4048 tinaudita
828 3983 979 4070 nullique
995 3998 1074 4052 ante
1086 4014 1121 4055 se
1135 3993 1224 4060 dicta

118 4170 121 4178 q
185 4114 318 4180 summo
339 4086 449 4156 studio
469 4095 651 4153 sectantur.
699 4084 816 4178 Qui'
789 4108 818 4151 s1
836 4098 1049 4175 reputarent,
1078 4113 1148 4158 0330
1161 4094 1226 4162 ap,
1260 4126 1263 4130 .

822 4187 913 4269 Fa,
1052 4284 1054 4288 Ι
