2708 4636
365 345 797 414 .’..-’4-..

13 585 20 596 ,
135 522 378 605 Verumtamen
397 539 476 584 cum
498 516 569 582 istis
585 515 771 591 virtutibus
781 518 917 637 singulis
932 516 1079 590 eminere
1095 547 1185 613 pan-

136 650 193 692 cos
202 606 389 705 videamus,
406 632 481 685 tum
495 632 654 708 utrasque
668 622 770 689 simul
784 622 908 719 eximio
911 626 1068 742 quodam
1082 630 1184 695 modo
1202 657 1206 664 ·

136 729 173 794 in
194 727 312 792 eodem
331 723 470 790 homine
492 725 622 807 junctas
641 724 751 790 multo
774 727 882 792 rarius
908 728 1055 793 inveniri
1076 753 1185 818 posse,

85 858 88 869 ·
136 830 235 897 facile
253 827 390 943 quidem
403 849 465 911 per
482 847 517 890 se
531 823 739 911 intelligitur.
768 829 896 915 Atque
907 829 989 897 illutl
1007 842 1110 917 porro
1122 833 1186 899 ad-

137 934 276 1000 firmare
294 916 438 997 minime
452 926 621 1010 dubitabo,
643 927 805 994 ferventis
822 931 1065 1019 phantasiae
1032 957 1068 997 vr
1081 947 1186 1021 atque

9 1098 33 1115 .,
137 1036 242 1102 animi
259 1031 415 1101 concitati
429 1026 548 1117 vigore
575 1028 698 1095 mentis
712 1031 819 1099 aciem
838 1033 997 1100 facillime
1030 1037 1186 1123 obtundi,

136 1138 369 1225 judiciumque
392 1134 495 1200 etiam
518 1132 727 1221 praeclarum
749 1135 803 1202 vel
822 1136 970 1223 opprimi
990 1135 1187 1207 1111111111-

50 1275 56 1288 ·
134 1240 217 1329 tari.
262 1240 367 1326 quue
390 1238 445 1304 vel
464 1235 621 1325 inprimis
641 1235 677 1301 in
697 1235 804 1323 poetis
823 1235 870 1300 ita
886 1236 1065 1321 fieritauto
1078 1242 1185 1329 magis

135 1322 387 1431 propemodum
408 1351 628 1423 1111111111,
650 1339 741 1426 quod
759 1337 841 1404 istae
862 1340 953 1405 vires
973 1364 1044 1411 non
1066 1344 1186 1430 eodem

137 1448 342 1518 evolvuntur
355 1455 473 1508 tenore
485 1463 598 1528 neque
619 1463 688 1507 uua
703 1441 908 1522 adolescunt,
930 1464 1060 1525 verum,
1083 1444 1187 1511 efful-

138 1533 273 1639 gente
259 1546 378 1612 eodem
398 1541 523 1610 velut
513 1555 649 1630 impetu
666 1543 851 1631 phantasia,
873 1544 1035 1631 judicium
1049 1549 1185 1634 paulla-

79 1634 81 1643 ’
136 1650 200 1716 tim
223 1648 434 1728 maturescit,
455 1647 622 1732 longoque
636 1667 754 1738 rerum
772 1668 835 1714 usu
851 1658 952 1735 atque
968 1649 1109 1714 adsidua
1124 1651 1186 1716 de·
1230 1680 1237 1687 ·

92 1788 96 1799 =
137 1776 237 1820 mum
251 1748 338 1818 varii
329 1750 541 1835 diversique
553 1750 664 1814 111111
676 1749 851 1838 perhcttut
862 1752 1093 1819 sollicitudine.
1117 1755 1186 1820 Ita-

100 1865 104 1871 '
138 1878 205 1944 que
226 1853 381 1942 plerique
403 1875 443 1918 ea
467 1862 592 1935 aetate,
615 1873 701 1939 quae
722 1852 793 1918 sere
814 1851 898 1916 nihil
918 1852 1078 1942 simplex,
1101 1855 1185 1922 nihil

88 1988 93 1994 ·
139 1952 356 2076 tranquillum
378 1966 437 2023 aut
450 1954 603 2020 sedatum
618 1966 720 2034 amat,
742 1955 875 2040 ingenio
889 1955 1134 2039 efflorescentes
1150 1971 1185 2025 et
1206 1950 1210 1955 i

138 2061 210 2148 jam
225 2056 428 2123 carminibus
441 2055 533 2138 clari,
547 2057 608 2124 ubi
620 2055 845 2123 defervente
834 2060 1016 2143 juventutis
1032 2074 1137 2141 aestu,
1152 2073 1186 2129 et

140 2159 270 2228 acutius
279 2181 416 2225 cernere
423 2171 457 2225 11
468 2157 591 2224 rectius
601 2154 726 2225 sentire
735 2172 835 2248 atque
848 2158 1018 2251 judicare
1008 2164 1185 2251 uscipiunt,

136 2261 223 2339 1111’
212 2260 301 2352 111111
325 2261 413 2329 nacti
432 2242 586 2344 virtutes,
606 2261 679 2327 sine
699 2263 821 2376 quibus
836 2286 973 2329 carmen
993 2265 1184 2354 perfectum

135 2367 271 2435 nullum
279 2361 448 2443 extantus
457 2361 508 2430 uu
515 2386 612 2452 posse
621 2386 760 2431 ommno
769 2366 934 2437 deomant
943 2367 1055 2454 Atque
1066 2367 1181 2436 etiam‘·

137 2473 167 2536 si
188 2470 327 2535 tortasse
347 2462 503 2529 nonnulli
523 2486 628 2554 supra
650 2477 795 2533 aetatem
817 2468 978 2557 sapientes
995 2471 1115 2536 erroris
1129 2470 1184 2538 sui

137 2571 314 2639 levitatem
337 2564 503 2631 maturius
527 2582 790 2656 perspexerunt,
812 2583 926 2638 tamen
940 2573 1047 2638 laudis
1065 2575 1121 2641 vel
1135 2574 1183 2655 sio

134 2684 254 2763 partae
265 2683 398 2736 tenaces
411 2666 614 2755 plerumque
627 2669 768 2763 meliora
780 2673 874 2759 sequi
889 2673 1107 2756 nonaudent,
1128 2685 1184 2752 art-j
1251 2716 1254 2720 -

88 2858 91 2863 ι
136 2796 205 2862 que
217 2768 414 2841 infirmioris
426 2769 543 2837 aetatis
556 2769 804 2840 aberrationem
819 2775 855 2841 iu
869 2776 1060 2842 consultum
1074 2777 1179 2843 vitio·
1231 2766 1238 2777 ’

136 2900 215 2946 rum
244 2885 448 2975 convertunt
472 2872 710 2964 patrocinium·
767 2877 929 2967 Quorum
955 2877 1130 2966 ingenium
1145 2877 1182 2946 ai

133 2977 292 3069 ’1111111111
310 2975 458 3064 magistri
475 2999 559 3043 voce
579 2999 618 3044 ac
632 2980 866 3070 praeceptione
880 2980 997 3048 fnisset
1010 2996 1183 3071 tempera-

35 3144 37 3151 ,
107 3167 112 3176 ⁸
137 3093 233 3163 tum,
254 3101 364 3166 neque
389 3076 542 3168 prolecto
564 3077 629 3166 ipsi
647 3079 690 3144 ab
712 3079 764 3145 bis
786 3081 913 3148 artibus
926 3080 1069 3170 gloriam
1082 3085 1181 3174 pete-

134 3194 224 3266 rent,
246 3180 367 3268 quibus
388 3181 530 3269 pessima
554 3203 710 3268 quaeque
724 3183 962 3268 defenduntur,
984 3209 1093 3275 neque
1108 3199 1180 3254 tam

134 3287 261 3354 11111111
283 3283 326 3373 aql
347 3283 485 3373 speciosi
509 3282 657 3371 exempli
671 3283 851 3352 infaustam
865 3302 940 3378 post
955 3314 991 3356 se
1007 3291 1180 3358 traherent

133 3387 368 3459 imitationem.
411 3387 465 3455 Ex
476 3407 544 3474 quo
562 3399 703 3474 apparet
722 3412 812 3466 sane,
825 3405 1033 3482 quantopere
1046 3394 1180 3461 littera-

133 3515 213 3561 rum
230 3490 378 3574 intersit,
399 3502 437 3556 et
454 3501 631 3578 praecepta
652 3503 743 3558 recte
761 3493 928 3560 scribendi
948 3497 1079 3584 saepius
1100 3499 1184 3562 vul-

111 3662 114 3668 ,
133 3592 223 3681 gari,
246 3604 281 3659 et
302 3592 423 3660 indicia
443 3592 501 3658 illa
525 3592 654 3682 exponi
674 3594 881 3681 diligentius,
903 3597 1025 3683 quibus
1046 3612 1079 3664 et
1099 3624 1182 3667 sana

127 3691 996 3787 eloquentiaetinaniafucuspueriliaqueverborum
1005 3702 1181 3790 pigmenta
1239 3695 1242 3701 ’

132 3810 249 3888 aperto
263 3797 456 3865 discrimine
470 3807 659 3863 teneantur.
677 3797 780 3887 Quod
797 3823 992 3889 quanquam
1008 3806 1139 3892 egregie
1156 3829 1179 3872 a
1256 3870 1259 3875 ,

59 3953 63 3957 .
111 3897 118 3907 ’
132 3900 300 3967 ueteribus
323 3884 638 3986 recentioribusque
641 3901 857 3988 scriptoribus
871 3902 1000 3981 factum
1016 3920 1066 3973 est
1078 3931 1180 3997 saepe

48 4076 56 4091 ·
120 4001 245 4097 ’1111111
252 4050 263 4084 ,
286 4013 400 4068 tamen
422 4024 577 4083 omnem,
600 4001 661 4088 qui
679 4001 796 4070 iisdem
813 4005 902 4071 bisce
917 4009 1040 4076 rebus
1029 4012 1177 4098 ingemi·

129 4104 249 4175 1111111
268 4102 572 4190 inculcandiaque
560 4103 759 4188 insumitur,
788 4105 941 4182 laborem
960 4135 1022 4191 nos
1037 4113 1181 4202 quidem
