2708 4636
528 301 834 369 ...n-...¹

156 491 297 563 cunque
311 458 539 564 praestantiae
550 474 691 562 rapiunt
707 472 974 542 admirationem.
1000 464 1047 544 'E
1063 498 1129 564 qno
1144 499 1208 565 ge-

135 594 237 646 ’nere
251 589 334 644 sunt
348 577 501 666 egregiae
512 601 626 644 rerum
641 574 815 664 imagines,
837 578 1082 646 sententiarum
1095 583 1206 648 subli-
1246 634 1248 639 .
1287 569 1297 641 s

104 752 107 763 Α
155 683 256 751 mites
277 693 525 761 autemnon,
556 691 727 768 postremo
748 680 908 767 quidquid
934 682 980 746 ita
1004 685 1059 749 vel
1083 683 1206 760 dicitur
1249 719 1254 735 ι

154 784 212 857 uel
227 783 377 870 fingitur,
400 792 438 846 ut
463 781 589 875 ingenii
603 784 744 852 humani
761 785 902 851 modum
916 807 1025 872 prope
1042 788 1207 854 excedere

95 918 99 933 =
125 928 130 936 ι
153 885 322 953 videamr.
368 885 526 975 Quarum
556 910 670 954 rerum
698 887 850 954 omnium
874 886 924 953 ita
949 879 1087 955 demum
1114 890 1210 974 justa.

154 987 219 1057 erit
242 987 451 1081 admiratiu„
461 989 514 1056 uti
538 991 717 1076 diligenter
732 1013 891 1058 excussae
905 1004 1004 1078 atque
1017 991 1053 1054 in
1066 1014 1206 1056 omnem

151 1101 287 1181 partem
302 1110 420 1157 versae
435 1093 590 1159 eamdem
603 1117 705 1179 quam
718 1093 872 1183 primum
886 1094 1089 1176 obtulerunt,
1111 1094 1207 1175 veri·

135 1182 229 1261 ”tatis
242 1193 577 1282 pulchritudinisque
590 1196 737 1283 speciem
761 1198 964 1289 retinebunt.

172 1364 175 1371 ,
238 1295 349 1381 Atque
372 1296 437 1362 hoc
458 1298 592 1383 quidem
618 1308 762 1366 examen
782 1301 1013 1388 judiciumque
1032 1299 1205 1387 quomodo

151 1392 204 1474 sit,
216 1396 483 1489 instituendum,
503 1402 574 1488 jam
595 1401 758 1469 dicemus.
796 1407 848 1472 Et
862 1405 1023 1492 quoniam
1048 1403 1144 1468 omni·
1165 1403 1204 1468 in

151 1522 192 1568 re
220 1524 316 1566 error
342 1500 504 1570 vitiorum
535 1505 708 1573 notatione
729 1516 832 1597 qu'am
858 1507 1024 1574 virtutum
1049 1527 1211 1572 comme-a

49 1656 51 1660 a
152 1603 345 1679 moratione
359 1604 470 1674 multo
486 1605 617 1676 facilius
633 1621 783 1693 cavetur,
805 1611 843 1676 in
856 1610 960 1676 hacce
975 1611 1069 1676 omni
1084 1609 1204 1696 dispu-

120 1757 128 1768 .
151 1705 282 1775 tatione
296 1731 359 1776 nos
372 1709 539 1777 rationem
555 1711 747 1796 tenebimus
763 1715 864 1795 illam,
880 1727 921 1780 ut
933 1711 1099 1800 inprimis,
1114 1731 1209 1795 quae·

153 1819 190 1881 et
205 1810 366 1894 quotsiut
378 1835 502 1900 genera
514 1814 678 1883 falsorum
695 1818 904 1904 eloquentiae
920 1816 1102 1894 luminum,
1123 1815 1204 1878 lau-

154 1910 239 1982 datis
268 1912 436 1984 clarorum
460 1931 642 2006 poetarum
671 1922 835 2008 exemplis
862 1918 1093 1997 ostendamus,
1126 1928 1210 1986 tum.

151 2012 217 2091 his,
233 2030 401 2102 quantum
413 2042 502 2106 opus
513 2021 692 2104 videbitur,
704 2023 826 2089 iisdem
839 2021 876 2088 in
891 2020 1015 2088 caussis
1036 2022 1101 2086 alia
1115 2021 1209 2086 alio·.

38 2182 41 2191 t
151 2140 234 2186 rum
265 2123 471 2209 scriptorum
497 2124 570 2190 loca
596 2123 783 2212 probabilia
804 2144 1034 2214 opponamus,
1056 2124 1148 2188 unde
1167 2135 1202 2190 et

152 2210 290 2306 singulis
325 2224 413 2291 vitiis
443 2225 632 2293 contrariae
660 2227 803 2296 virtutes
827 2247 1018 2312 corumque
1039 2225 1128 2291 inter
1162 2218 1228 2295 se*⁸
1307 2254 1310 2259 ·

151 2323 334 2392 discrimen
344 2327 448 2394 'facile
462 2325 675 2416 intelligetur.
758 2385 763 2400 ,,
915 2414 917 2419 A
1226 2407 1229 2418 Ι

190 2442 207 2464 ”
235 2429 385 2517 triplici.
402 2440 516 2502 autem
536 2430 640 2497 modo
660 2431 697 2508 in
716 2433 785 2496 hoc
804 2422 938 2516 negotio
953 2429 1090 2519 peccari
1100 2433 1209 2517 solet,

67 2586 70 2600 .
152 2531 210 2597 vel
230 2532 375 2599 materia
396 2531 452 2595 vel
473 2529 586 2597 forma
605 2534 662 2598 vel
681 2535 768 2599 loco.
817 2533 998 2599 Materiam
1029 2532 1203 2601 dicerem

149 2635 261 2723 ipsam
275 2654 462 2720 eorumque
475 2633 735 2718 quaedicuntur
749 2645 1016 2721 naturamatque
1030 2636 1203 2704 rationem

149 2733 339 2816 internam,
361 2758 448 2823 quae
469 2733 536 2801 ubi'
548 2735 812 2822 reprehensione
833 2761 906 2809 non
919 2749 1039 2818 caret,
1068 2751 1140 2803 tum
1164 2741 1203 2818 in

76 2913 88 2922 ,
148 2837 336 2908 luminibus
359 2837 472 2906 existit
492 2837 597 2920 illud,
627 2839 877 2928 propterquod
898 2839 1035 2928 probari
1058 2842 1210 2908 minime

64 2978 67 2990 ·
147 2952 301 3032 possunt.
345 2930 450 3029 Cujus
474 2940 774 3030 generis-quatuor
799 2948 878 3008 sun't
917 2948 1075 3011 caussae·
1096 2946 1203 3012 Nam

149 3051 236 3133 quae
249 3044 296 3109 sic
312 3044 642 3135 improbantu1·‚.vel
656 3043 801 3110 falsitate
817 3045 1012 3136 displicent,
1027 3048 1083 3111 vel
1098 3047 1204 3130 quod,

36 3224 38 3231 Ι
148 3146 280 3219 etiamsi
306 3144 488 3234 praecipua
508 3143 560 3208 sui
581 3158 679 3233 parte
698 3169 793 3229 vera,
813 3150 955 3215 modum
971 3161 1087 3215 tamen
1100 3169 1202 3212 exce-
1239 3151 1241 3154 ’

147 3251 245 3332 dunt,
265 3250 323 3314 vel
338 3249 418 3336 quia
432 3270 451 3313 a
467 3247 569 3313 rebus
585 3246 724 3313 minutis
733 3249 926 3336 justamque
939 3248 1201 3331 admirationem

66 3378 72 3407 ··
146 3356 277 3422 nnllam
300 3348 503 3419 habentibus
526 3361 609 3417 sunt
629 3352 788 3441 repetita,
808 3351 846 3416 in
856 3351 985 3441 ,quibus
1000 3348 1109 3415 omnis
1130 3370 1199 3435 quc

146 3454 358 3525 ambitiosior
379 3450 549 3541 diligentia
578 3475 617 3518 eo
641 3452 790 3540 ineptior
820 3463 879 3518 est.
924 3453 1057 3541 Quarta
1086 3472 1213 3533 caussa⁸

147 3544 237 3629 inest
256 3560 293 3625 in
313 3554 525 3649 imprudenti
542 3574 661 3626 renum
675 3555 809 3636 dilectu,
828 3553 890 3635 ubi
903 3554 941 3618 in
957 3551 1118 3617 ornandis
1133 3552 1199 3621 illis

64 3725 69 3749 τ
91 3698 93 3703 ·
145 3664 242 3733 labor
256 3660 382 3726 frustra
405 3654 637 3740 consumitur,
668 3681 754 3744 quae
769 3657 827 3724 vel
842 3678 944 3748 omne
958 3668 1206 3723 ornamentum·

144 3765 337 3850 refugiunt,
359 3763 415 3828 vel
438 3760 659 3848 quantumvis
685 3774 805 3828 ornata
823 3781 893 3825 non
907 3755 999 3824 illam
1014 3758 1053 3823 iu
1066 3759 1208 3827 animos:

88 3886 92 3893 ’
145 3869 216 3943 vim
239 3867 367 3932 habent
380 3887 493 3951 neque
519 3863 646 3943 habere
657 3873 811 3950 possunt,
831 3881 935 3946 quam
949 3871 1070 3948 poetae
1080 3862 1205 3929 ·consi-··

145 3972 231 4053 lium
251 3966 468 4054 sequebatur.
511 3964 619 4033 Porro
634 3988 780 4051 quorum
792 3962 906 4029 forma
920 3963 1199 4053 reprehenditur,
1236 4032 1239 4041 ,

34 4080 36 4084 ’
147 4099 187 4143 ea
200 4070 325 4166 duplici
340 4068 471 4140 ratione
484 4067 695 4138 dividuntur.
724 4067 794 4142 Aut
805 4065 897 4132 euim
911 4067 1058 4153 speciem
1070 4067 1201 4136 habent
