2708 4636
246 982 771 1115 ΤΕΝΤΑΤΠΚ
812 988 1071 1089 LOCUS

156 1159 310 1246 CI
399 1153 442 1240 C
531 1149 706 1239 ER
800 1151 888 1237 0
927 1154 972 1238 N
1054 1157 1201 1250 la

415 1325 709 1425 ιιιιιιιοιι
735 1327 772 1388 v.
796 1322 892 1384 ιιι.
914 1341 942 1386 A

154 1559 264 1682 Inter
284 1603 549 1678 innumerabiles
574 1604 749 1676 Ciceronis
770 1607 879 1690 locos,
901 1595 1099 1709 criticorum
1122 1626 1204 1681 cura
1231 1590 1233 1594 Α

157 1718 373 1805 nequaquam
394 1714 476 1780 satis
497 1713 608 1780 adhuc
629 1710 871 1799 perpurgatus,
894 1736 983 1780 unus
999 1735 1018 1777 e
1032 1713 1205 1785 difficilio-
1209 1768 1212 1772 -

156 1819 252 1888 ribus
269 1816 355 1883 mihi
369 1816 531 1880 videtur
521 1839 548 1879 rs
564 1837 650 1894 esse,
674 1834 776 1898 quem
795 1814 996 1883 Paradoxon
1009 1814 1052 1907 V
1070 1816 1153 1910 Cap.
1171 1838 1204 1888 2.

158 1921 328 1999 continet,
356 1917 405 1981 sic
424 1905 618 1982 habentem.
663 1914 797 2001 „Atque
818 1929 858 1983 ut
878 1916 914 1983 in
936 1939 1058 2007 magna
1075 1917 1207 2009 familia
1240 1997 1244 2003 ,
1300 1977 1308 1993 .

105 2030 109 2034 “
156 2033 260 2110 „sunt
283 2020 341 2085 alii
355 2012 534 2097 lautiores,
556 2015 669 2082 uts1b1
685 2015 864 2099 videntur,
886 2018 993 2104 servi,
1015 2019 1075 2087 sed
1091 2031 1208 2092 tame'ri

157 2122 291 2212 ,·,servi,
322 2120 482 2205 atrienses
504 2141 543 2184 ac
567 2117 722 2207 topiarii,
745 2117 819 2204 pari
841 2119 990 2191 stultitia
1003 2133 1097 2206 sunt,
1119 2145 1205 2227 quos
1261 2125 1265 2135 '
1317 2189 1321 2195 ,

106 2214 110 2222 ’
135 2229 294 2316 ι»εἰςιιιῃ
323 2241 407 2311 quos
427 2218 579 2300 tabulae,
602 2242 686 2306 quos
710 2221 878 2284 coelatum
901 2232 1099 2337 argentum,
1121 2234 1207 2313 qno's'

158 2326 358 2436 „Corinthia
376 2344 498 2413 opera
521 2326 603 2408 quos
624 2312 775 2390 aedificia
788 2316 1015 2408 magnifica
980 2322 1088 2388 nimio
1105 2348 1208 2417 opere

158 2412 364 2520 „delectant
375 2431 397 2469 ‘⁶
439 2427 492 2493 Dc
523 2447 589 2512 quo
618 2425 712 2507 loco,
743 2422 1006 2491 commilitones!
1036 2438 1074 2491 ut
1098 2430 1208 2503 isthac
1252 2413 1254 2420 ,

161 2531 329 2602 scribendi
351 2528 526 2596 occasione
545 2527 740 2616 diligentius
761 2537 1029 2611 commentator,
1054 2531 1211 2619 privatae
1241 2562 1247 2574 ι

158 2635 406 2704 ιιοιιιιιιΙΙοιιιιιι
435 2651 481 2698 ex
508 2641 623 2698 vestro
653 2651 798 2694 numero
829 2627 1082 2699 adolescentum
1106 2632 1212 2710 indu'.
1279 2706 1282 2711 1

160 2737 264 2805 strias
280 2727 400 2822 putavi
415 2731 653 2811 tribuendum,
675 2730 737 2825 qui
750 2742 926 2816 nunquam
940 2755 1011 2799 non
1028 2740 1211 2822 gratissimi
1283 2780 1290 2788 ·

163 2840 306 2906 domum
335 2840 447 2921 meam
476 2831 710 2920 frequentant,
744 2831 788 2894 de
814 2833 990 2898 communi
1017 2837 1212 2912 studiorum

88 2997 92 3003 .
162 2960 264 3009 causa
277 2957 332 2999 me
346 2916 570 3019 consulentes.
615 2932 689 3020 Qui
704 2953 811 3020 quum
828 2930 870 2997 de
884 2929 1010 3000 horum
1026 2936 1215 3037 verborum

163 3028 401 3109 constituenda
424 3014 572 3099 lectione
592 3033 818 3122 ambigerent,
840 3043 873 3098 et
889 3028 949 3122 e'go
967 3059 1079 3105 meam
1092 3040 1135 3130 de
1151 3068 1213 3115 ea

164 3145 244 3212 dem
269 3164 308 3208 re
329 3144 527 3254 promerem
545 3136 764 3220 sententiam,
786 3131 894 3204 simul
908 3133 993 3220 hoc,
1022 3118 1212 3227 qualecim
1240 3210 1243 3216 ,

164 3266 232 3334 que
255 3254 344 3322 erat,
366 3240 501 3328 signare
521 3238 611 3328 stylo
629 3236 783 3323 decrevi,
805 3249 861 3321 ut,
882 3241 953 3306 sive
966 3241 1078 3308 locum
1091 3244 1212 3353 persas
1292 3324 1300 3330 ,

164 3353 317 3428 nassem,
338 3367 416 3410 cum
433 3340 587 3433 pluribus
600 3339 634 3406 id
651 3340 973 3424 communicaretur
995 3366 1056 3412 seu
1070 3371 1211 3441 operam

165 3448 346 3529 lusissem,
358 3471 377 3513 a
399 3442 605 3537 doctioribus
619 3465 661 3508 eo
674 3438 809 3508 facilius
827 3442 1043 3512 admonerer.
1112 3507 1115 3511 .
1186 3454 1189 3459 '
1243 3454 1246 3459 ’

221 3547 322 3616 Sed
343 3558 383 3614 ut
410 3567 549 3616 omnem
571 3544 644 3612 sive
663 3544 812 3612 vulneris
832 3543 908 3610 sive
928 3548 1039 3615 morbi
1059 3554 1215 3642 curatio-

166 3673 246 3720 nem
262 3651 432 3734 antegredi
444 3649 546 3716 debet
560 3647 710 3738 corporis
724 3646 836 3714 affecti
848 3647 1003 3735 cognitio,
1018 3649 1065 3719 ita
1066 3650 1219 3770 ,ιιιῑιιμι
1316 3721 1323 3729 ,

166 3778 271 3844 quam
295 3750 363 3818 loci
379 3751 518 3845 sanandi
531 3749 700 3817 rationem
721 3744 959 3869 expediamus,
982 3764 1014 3818 et
1027 3777 1131 3855 quae
1124 3731 1212 3855 can·
1191 3762 1251 3843 qs·

141 3909 144 3914 .
167 3880 225 3925 sae
247 3855 461 3942 corruptelae
480 3851 566 3941 mihi
585 3852 732 3918 afferant
753 3852 997 3957 suspicionem,
1029 3870 1063 3924 et
1084 3864 1152 3948 qua
1173 3866 1211 3936 in
1283 3942 1288 3950 Ι

140 3970 268 4050 -Parte'
284 3958 425 4023 haerere
448 3937 619 4022 mendum
635 3952 799 4040 arbitrer,
812 3946 981 4057 pluribus
1001 3971 1087 4047 puto
1103 3962 1214 4031 disse·
1217 4034 1221 4039 ,
1319 4016 1322 4026 -

167 4061 324 4130 rendum
376 4056 456 4125 Et
448 4058 613 4144 quoniam
634 4074 714 4130 meo
735 4050 872 4148 quidem
891 4043 1084 4148 lobineau,
1109 4087 1214 4153 queat

795 4160 871 4234 Ka
984 4208 1051 4261 A
