2708 4636
531 342 724 410 ...ψ
764 357 854 374 ...

173 500 285 568 tuisse
303 493 448 562 minime
465 491 638 575 dubitem,
660 494 817 582 quamvis
837 495 1001 582 loquendi
1018 496 1150 585 genere
1175 509 1237 575 vi.

160 604 287 682 ἰάσει,
307 609 397 664 certe
415 596 507 662 haud
527 595 668 677 usitato,
688 597 788 663 illum
802 597 854 662 sie'
867 598 992 665 dixisse
1007 609 1233 679 contendam.r

178 705 256 775 Alia
281 699 368 768 ratio
393 712 446 765 est
462 702 634 781 locorum,
669 723 756 786 quae
774 711 938 785 tanquam
962 706 1087 775 similia
1107 711 1234 781 laudat

175 805 343 876 vorstius.
384 804 425 869 In
439 799 608 868 illisenim
621 801 779 868 omnibus
792 803 834 867 de
853 827 918 868 asu
932 829 1047 872 sermo
1064 823 1128 893 est,
1154 837 1231 883 non

177 912 223 977 de
246 906 459 997 appetentia.
503 906 620 989 Itaque
638 904 682 968 ad
700 906 822 970 horum
844 907 1104 978 similitudinem
1118 915 1151 980 si
1165 917 1232 984 Ju-

175 1014 286 1081 stinus
303 1031 456 1102 parcum
472 1006 647 1097 pecuariae
669 1006 942 1093 Epaminondam
963 1012 1128 1098 dixisset,
1153 1042 1228 1089 non

149 1137 153 1144 ’
175 1115 405 1183 meatem
427 1110 579 1190 dixisset,
607 1108 665 1173 sed
683 1108 796 1196 potius
818 1134 966 1177 ovorum
990 1139 1030 1181 ao
1046 1130 1226 1191 tenacem.

174 1208 256 1287 Fuit
266 1219 380 1307 igitur,
403 1239 484 1280 cum
498 1210 713 1298 negationem
731 1213 905 1295 excidisse,
928 1229 1030 1304 atque
1044 1223 1138 1290 odeo
1156 1251 1226 1294 „012

166 1345 302 1414 parcus
315 1318 500 1408 legendum
514 1315 756 1394 existimarem.
784 1311 850 1379 Sed
865 1339 903 1382 re
919 1319 1115 1391 adcuratius
1133 1349 1224 1414 pen.

169 1452 228 1510 sa,
249 1428 342 1492 hunc
361 1424 435 1508 ejus
454 1418 546 1505 rosis
568 1440 671 1483 usum
694 1415 916 1482 referendum
937 1433 1022 1508 puto
1043 1424 1225 1514 interius,

166 1550 258 1618 qnae
285 1522 481 1614 singularia
495 1518 645 1586 lustinus
671 1517 789 1601 habet,
824 1532 869 1584 et
898 1525 989 1611 apud
1018 1526 1221 1616 scriptorem

167 1631 276 1698 sliuni
296 1628 432 1695 nullum
454 1623 563 1692 obvia.
607 1623 718 1697 stov,
735 1642 766 1688 2.
787 1619 926 1710 formae
941 1633 1218 1718 venerationem,

164 1729 311 1799 ntxffl.
327 1751 355 1796 ι.
377 1727 579 1817 simpliciter
599 1726 861 1794 venerationem
882 1727 924 1792 de
940 1725 1216 1824 formaepulon‘.

166 1834 289 1900 tudine
303 1855 343 1899 ao
360 1832 522 1919 dignitate
534 1827 636 1909 dixit,
658 1827 766 1916 quod,
787 1840 828 1892 ut
841 1829 977 1919 opinor,
1003 1835 1091 1902 alius
1105 1860 1210 1906 nemo.

252 1935 309 2004 lx
325 1957 365 2023 ¹7,
408 1933 507 2019 Quae
532 1932 650 2000 onmia
671 1932 723 1997 ito
730 1931 973 2022 palamfacto
988 1948 1090 2024 sunt,
1114 1939 1208 2006 utri-¹⁴

167 2018 298 2112 mutere
317 2037 503 2123 videatur,
532 2060 576 2105 ne
593 2032 741 2127 facinus
759 2032 803 2101 ab
830 2060 874 2104 eo
896 2041 1122 2108 commissum
1146 2068 1210 2112 non

159 2142 461 2245 probaretur]
503 2141 625 2210 Sermo
637 2149 686 2205 est
702 2140 745 2206 de
758 2140 975 2229 Olympiade,
998 2165 1087 2229 quae
1103 2148 1214 2215 inter..

83 2246 87 2253 ’
158 2246 286 2333 ‘fectori
295 2245 479 2338 Philippi,
490 2243 643 2335 primum
656 2240 799 2327 fugienti
815 2266 919 2330 equos
932 2262 1214 2336 praeparaverat,

164 2340 290 2429 deinde
301 2349 340 2417 in
359 2372 458 2417 cruce
481 2342 646 2436 pendenti
663 2365 824 2411 coronam
837 2365 974 2414 auream
988 2349 1214 2441 imposuerat,

159 2436 302 2520 tandem
320 2451 490 2543 gladium,
523 2470 592 2536 quo
615 2467 678 2514 rex
698 2469 875 2536 percussus
897 2448 1028 2535 fuerat,
1056 2456 1212 2544 Apollini

162 2554 382 2639 consecravit.
404 2548 532 2618 Locus
521 2561 583 2614 rste
597 2548 687 2614 male
701 2548 1211 2642 habuit1nterpretes.Freins-

160 2652 293 2726 liemius
312 2652 527 2746 probaretur
553 2653 683 2719 dictum
708 2663 807 2740 putat
832 2678 895 2744 pro
926 2658 1210 2745 convinceretur3

159 2734 232 2869 lios
242 2781 360 2847 sensu:
384 2756 592 2850 Olympiada
605 2757 719 2823 omitia
731 2756 849 2824 illa1ta
860 2762 972 2848 palam
986 2764 1102 2851 egisse,
1111 2767 1209 2852 quasi

158 2840 347 2982 melueret,
367 2886 411 2930 ne
434 2859 565 2929 facinus
583 2857 668 2927 illud
689 2858 803 2948 (occisi
824 2859 985 2956 Philippi)
1006 2888 1078 2934 non
1100 2869 1143 2935 ab
1166 2893 1208 2938 ea

157 2956 378 3035 commissum
379 2956 583 3056 appareret.
606 2965 652 3033 At
666 2987 730 3032 nec
743 2963 808 3031 ab
798 2989 871 3055 ipsa
886 2970 1091 3087 Olympiade
1106 2995 1206 3041 com-

155 3071 300 3138 missum
324 3068 411 3135 illud
430 3067 561 3148 facinus
581 3080 671 3148 erat,
701 3091 897 3155 quanquam
916 3071 1096 3139 immisisse
1118 3075 1206 3142 Phi-

155 3174 249 3262 lippo
278 3160 537 3237 interfectorem
564 3169 767 3236 crederetur.
820 3173 1019 3258 Praeterea,
1054 3191 1096 3244 ut
1118 3203 1205 3267 vere

154 3273 291 3345 monuit
312 3272 527 3354 Schefferus,
559 3273 707 3340 verbnm
721 3274 935 3362 probaretur
953 3276 1047 3345 illam
1068 3263 1203 3367 signiti-

154 3373 326 3446 ostionem
338 3377 432 3445 haud
444 3375 605 3442 admittit.
634 3375 701 3442 Sed
715 3398 779 3442 nec
790 3376 915 3467 placet,
939 3381 1029 3466 quod
1044 3383 1101 3451 hic
1117 3410 1205 3454 oon-

1 3473 5 3487 '
41 3460 48 3478 l
152 3477 246 3568 licit,
263 3479 494 3571 proderetur,
524 3477 561 3544 id
587 3489 653 3560 est,
681 3479 923 3568 divulgaretur.
966 3484 1053 3550 Nam
1077 3490 1201 3558 eodem

42 3642 47 3650 ,
152 3583 371 3651 incommodo
392 3583 492 3651 lectio
512 3581 637 3650 isthaec
659 3595 818 3672 urgetur,
841 3607 905 3673 quo
920 3585 1200 3661 Freinshemiana

152 3681 394 3776 interpretatio.
436 3688 603 3777 Imposuit
625 3700 739 3753 autem
753 3687 831 3756 viris
847 3688 968 3771 doctis,
991 3713 1070 3756 cum
1087 3696 1199 3781 traje-

152 3799 208 3855 ιιι
218 3811 286 3854 vox
300 3789 532 3870 commissum,
547 3804 621 3858 tum
638 3788 777 3876 insignis
790 3798 988 3881 βραχυλογία,
1003 3816 1071 3880 qua
1086 3797 1197 3863 verbo
1211 3790 1217 3801 ’

54 3946 62 3969 ,
144 3890 359 3983 probaretur
370 3893 520 3962 lustinus
532 3897 653 3964 utitur.
680 3895 820 3962 Dictum
834 3891 924 3957 enim
940 3906 1006 3977 est,
1029 3919 1092 3982 pro
1102 3922 1196 3986 pro-

151 3992 232 4061 bari
243 3992 432 4065 videretur.
474 3999 563 4070 Nam
579 4023 695 4067 sensus
707 3998 764 4066 hic
776 4007 845 4061 est:
869 3990 1089 4088 Olympiada
1099 4002 1194 4069 nihil

32 4162 35 4169 .
151 4120 221 4167 non
240 4097 354 4191 egresse
359 4147 374 4186 ,
394 4112 436 4172 ut
456 4101 673 4193 reprobante
692 4100 856 4194 Philippi
867 4101 1013 4174 caedem
1028 4105 1199 4184 commis-,-
