2708 4636
506 302 832 394 -96-1-

70 518 76 528 ·
154 508 257 559 seusu
285 491 449 555 statuere,
476 478 643 569 nimirum
672 491 722 545 est
743 473 921 546 difficilius.
940 482 972 562 *)
1022 480 1097 569 Ego
1119 481 1212 573 qui-¹

154 596 234 662 dem
248 601 287 654 ut
302 581 580 672 simplicissimam
595 585 667 667 ejus
681 584 747 660 rei,
770 581 816 646 ita
830 585 1027 669 proximam
1045 611 1127 655 vero
1142 591 1204 658 in-

152 689 429 784 terpretationem
449 676 543 769 illum
568 707 640 750 esse
655 676 864 767 existimem,
886 700 925 753 ut
940 689 1109 775 dicamus,
1130 694 1204 783 Py-

154 799 331 884 thagoram
361 785 624 873 intelligentem,
672 798 882 876 quantopere
902 791 1079 860 doctrinae
1097 809 1204 913 atque

152 895 310 967 scientiae
322 889 542 967 incrementis
549 889 679 955 obesset
692 884 897 954 hominum
886 895 1125 982 imperitorum
1142 901 1205 967 in

152 997 352 1123 tempestiva
377 987 571 1085 curiositas,
592 991 785 1079 discipulis,
808 992 919 1075 quoad
945 995 1204 1087 disciplinaeti-

48 1136 51 1140 ’
152 1101 296 1175 :orinia
303 1097 509 1189 posuissent,
532 1117 669 1160 omnem
693 1094 735 1159 de
754 1093 857 1170 rebus
873 1093 985 1169 dubiis
999 1112 1034 1164 et
1048 1101 1200 1171 obscuris

150 1202 340 1299 quaerendi
363 1195 637 1286 disceptandique
658 1194 854 1262 facultatem
879 1221 1029 1285 negasse.
1079 1203 1199 1293 Quam

150 1309 320 1380 rationem
337 1302 366 1370 si
382 1313 575 1381 teneamus,
596 1300 786 1365 videbimus
806 1297 954 1385 quidem,
975 1301 1068 1370 illam
1081 1306 1195 1374 nescio
1254 1296 1257 1301 ⁴

73 1400 80 1415 “
151 1430 303 1524 quorum
325 1402 571 1491 mysteriorum
591 1402 687 1467 velut
701 1400 845 1487 nubem,
869 1424 937 1489 qna
950 1403 1075 1474 isthaec
1088 1409 1198 1474 silen-

151 1515 199 1582 tia
221 1506 406 1595 antiquitas
431 1505 651 1588 obvolverat,
673 1504 762 1568 illico
787 1498 961 1592 dissipari,
989 1509 1133 1593 sedita,
1158 1522 1201 1578 ιιι

92 1618 95 1628 ’
150 1626 244 1682 tanto
270 1610 378 1727 major
404 1607 644 1699 augustiorque
671 1603 859 1692 philosophi
879 1610 1005 1696 species
1026 1613 1199 1700 adpareat·
1226 1607 1230 1617 ’

86 1730 91 1741 “
151 1719 223 1786 Aut
237 1712 313 1801 quis
329 1710 394 1777 hoc
408 1709 520 1799 potius
535 1706 806 1796 reprehenderit,
829 1730 931 1824 quam
947 1705 1196 1788 laudaverit,
1166 1738 1203 1782 ιι·

107 1851 110 1866 1
150 1813 376 1909 Pythagoras,
398 1811 651 1900 disciplinarum
664 1807 738 1873 lere
751 1812 905 1878 omnium
921 1811 1110 1878 rudimenta
1124 1814 1199 1882 fide

149 1919 265 2015 potius
293 1939 396 2003 quam
418 1913 636 2003 persuasione
667 1922 818 1977 constare
843 1926 1021 2005 expertus,
1063 1938 1197 2033 rerum,

148 2047 237 2117 qnae
247 2043 311 2087 nec
323 2015 465 2104 intelligi
479 2014 543 2081 ab
533 2013 699 2102 imperitis
713 2026 858 2130 possent,
867 2017 1037 2084 rationem
1051 2017 1195 2086 minime

39 2164 41 2168 ·
147 2123 374 2199 reddendam,
403 2140 517 2207 neque
537 2116 739 2198 evellendis,
769 2117 827 2205 qui
847 2119 962 2207 paullo
978 2130 1055 2207 post
1074 2131 1195 2207 sponte

148 2230 359 2306 exciderent,
380 2222 547 2310 scrupulis
560 2232 696 2307 tempus
710 2218 841 2284 frustra
853 2223 1034 2286 terendum
1048 2222 1197 2288 arbitra·

148 2334 270 2406 retur?
310 2330 380 2398 llas
407 2335 522 2391 autem
548 2321 741 2414 similesque
768 2321 872 2407 hujus
901 2323 1025 2388 silentii
1055 2347 1192 2394 caussas

146 2439 271 2516 fnisse,
298 2455 319 2497 e
340 2432 416 2496 loco
440 2427 483 2492 de
504 2449 543 2490 ea
563 2445 602 2488 re
624 2423 761 2490 classico
781 2422 873 2510 apud
893 2424 1045 2492 Gellium
1060 2429 1192 2518 partim
1217 2506 1223 2512 ἡ

66 2524 69 2529 ’
146 2536 338 2623 intelligere
355 2532 454 2608 licet,
489 2528 615 2616 partim
635 2524 761 2592 uidem
782 2526 880 2590 claris
896 2528 1006 2593 verbis
1028 2555 1048 2596 a
1072 2534 1191 2599 Tauro

151 2633 359 2733 philosopho
376 2629 508 2698 dicitur.
531 2625 580 2713 ‘*)
622 2627 776 2694 Primum
798 2629 889 2696 enim
911 2635 1083 2718 ἰχιμυθιαι
1094 2635 1192 2715 illam

146 2791 357 2820 anu-⁸⁸¹¹·-
460 2789 465 2798 '
583 2813 587 2821 .

179 2885 208 2955 4ι)
225 2888 306 2940 Mssa
318 2877 348 2937 ιι
359 2894 458 2944 τουτο,
475 2871 572 2951 inquit
584 2870 732 2929 lamblich.
749 2880 794 2940 72.
813 2891 872 2931 cose
883 2861 1025 2980 cepissent
1038 2896 1192 2984 πριιιτατ·

115 2989 122 3047 ι
214 2990 247 3026 Π
268 2984 375 3034 virumn?
397 2981 547 3033 mmmm
573 2978 811 3031 απθπδῦῼωμὲνθῗ,
836 2981 895 3020 mm
916 2961 1051 3036 ἕγκραῒωῖ
1073 2987 1192 3034 ἑκοῦσιν,
1202 3016 1206 3020 .

212 3051 250 3112 ὥς
266 3051 455 3121 pulmonem
471 3067 528 3102 των
546 3043 673 3102 ιῖιιωι’
658 3066 882 3136 εγιιριτιυματωιι
898 3068 993 3115 τουτο,
1019 3073 1052 3107 τι
1068 3051 1210 3123 γιωσιησ’

214 3157 336 3212 «passm
356 3160 391 3177 -·
408 3131 492 3186 Conl.
508 3131 692 3186 llittershusii
701 3147 780 3186 notas
793 3114 826 3186 ιιι
840 3134 978 3209 Porphyr
989 3155 1050 3211 pag.
1063 3151 1106 3192 ιο.

180 3245 224 3317 ιι)
235 3235 676 3311 Jamaprincipioffythsgoras)
687 3232 881 3307 adolescentes,
894 3238 945 3312 qui
958 3254 1017 3294 sese
1031 3239 1065 3293 ad
1078 3239 1189 3296 discen·

212 3328 283 3384 dnm
295 3321 506 3388 obtulerant,'
491 3343 732 3394 spvcsovapovss,
762 3323 797 3376 Id
808 3322 929 3378 verbnm
950 3325 1103 3399 significat,
1122 3345 1189 3384 mc*
1206 3323 1220 3386 ,’

211 3431 257 3470 ιιι
268 3424 436 3482 naturasque
446 3407 598 3463 hominum
613 3409 818 3478 conjectatione
832 3411 951 3485 quadam
963 3412 997 3466 de
1011 3413 1069 3468 on's
1083 3429 1110 3468 et
1122 3412 1190 3473 vals
1229 3411 1234 3415 ’

127 3561 132 3568 ,
213 3519 261 3559 tus
275 3494 393 3572 ingenio
412 3495 503 3572 deque
519 3493 606 3575 totius
620 3494 746 3569 corporis
764 3493 813 3551 filo
828 3512 912 3572 atque
924 3487 1187 3560 liabitusciscitari.
1257 3547 1266 3556 .

132 3608 137 3617 ·
160 3584 162 3591 ’
211 3618 249 3630 -
265 3585 328 3656 (An
339 3583 406 3638 haec
420 3581 503 3655 forte
514 3594 582 3654 post
597 3581 737 3639 Graecum
749 3582 915 3637 vocabulum
928 3586 1022 3653 omnia
1028 3597 1097 3652 sunt
1108 3584 1187 3657 glos-

171 3686 174 3691 “
213 3669 356 3740 ιαιοιιιι)
374 3694 408 3714 ι-
424 3669 511 3735 Τιιιιι,
533 3664 584 3745 qui
600 3669 758 3746 exploratus
772 3669 807 3724 ab
832 3689 874 3735 eo,
892 3671 1070 3745 idoneusque
1082 3671 1183 3740 luerat,
1209 3716 1212 3719 .

214 3749 305 3834 recipi
317 3757 350 3812 in
362 3754 542 3831 disciplinam
560 3757 654 3835 statim
666 3755 795 3829 jubebat,
822 3767 972 3809 etcertum
988 3750 1210 3831 tempnstaca·¹
1264 3768 1269 3782 “

210 3861 260 3910 ιιι
277 3861 337 3898 non
350 3861 448 3898 omnes
460 3842 553 3909 idem,
578 3844 626 3901 sed
641 3842 712 3899 alios
726 3841 804 3897 aliud
819 3857 946 3916 tempus,
970 3863 1023 3918 pro
1037 3845 1187 3901 aestimato

181 3970 187 3988 ,
210 3922 295 4003 captu
315 3927 463 3985 sollertiae.
499 3935 645 3996 Isauram,
665 3930 716 4004 qui
735 3926 856 3993 tacebat,
875 3948 946 4003 quae
967 3930 1136 3987 dicebantur
1148 3929 1186 3986 ab
1204 3993 1205 3998 η

210 4011 275 4068 aliis
290 4011 436 4077 audiebam
458 4034 550 4091 neque
560 4015 750 4091 percunctari,
775 4016 913 4089 siparum
927 4018 1120 4087 intellexerat,
1138 4036 1187 4072 ne·

210 4115 267 4174 que
290 4103 491 4171 commeanti,
515 4122 590 4178 quae
604 4101 748 4183 audieret,
771 4101 811 4159 ιιι
828 4121 896 4162 erat.
935 4103 991 4163 Sed
1007 4124 1066 4163 uon
1082 4106 1187 4179 minas
