<?xml version="1.0" encoding="UTF-8"?>
<!DOCTYPE html PUBLIC "-//W3C//DTD XHTML 1.0 Transitional//EN"
    "http://www.w3.org/TR/xhtml1/DTD/xhtml1-transitional.dtd">
<html xmlns="http://www.w3.org/1999/xhtml" xml:lang="en" lang="en">
 <head>
  <title>
</title>
<meta http-equiv="Content-Type" content="text/html;charset=utf-8" />
  <meta name='ocr-system' content='tesseract 3.04.00' />
  <meta name='ocr-capabilities' content='ocr_page ocr_carea ocr_par ocr_line ocrx_word'/>
</head>
<body>
  <div class='ocr_page' id='page_1' title='image "./jojachottingeri00hottgoog_0121.png"; bbox 0 0 2708 4636; ppageno 0'>
   <div class='ocr_carea' id='block_1_1' title="bbox 512 303 837 394">
    <p class='ocr_par' dir='ltr' id='par_1_1' title="bbox 512 303 837 394">
     <span class='ocr_line' id='line_1_1' title="bbox 512 303 837 394; baseline 0.006 -37"><span class='ocrx_word' id='word_1_1' title='bbox 512 303 837 394; x_wconf 60' lang='grc' dir='ltr'>...γὸ-...-</span> 
     </span>
    </p>
   </div>
   <div class='ocr_carea' id='block_1_2' title="bbox 92 470 1223 1079">
    <p class='ocr_par' dir='ltr' id='par_1_2' title="bbox 92 470 1223 1079">
     <span class='ocr_line' id='line_1_2' title="bbox 92 470 1197 571; baseline 0.012 -32"><span class='ocrx_word' id='word_1_2' title='bbox 92 497 97 539; x_wconf 71' lang='lat' dir='ltr'><em>j</em></span> <span class='ocrx_word' id='word_1_3' title='bbox 152 478 258 547; x_wconf 85' lang='lat' dir='ltr'><strong>modo</strong></span> <span class='ocrx_word' id='word_1_4' title='bbox 284 470 789 566; x_wconf 69' lang='lat' dir='ltr'><strong>egre&#39;giunoornparationem,</strong></span> <span class='ocrx_word' id='word_1_5' title='bbox 822 476 955 567; x_wconf 80' lang='lat' dir='ltr'><strong>singula</strong></span> <span class='ocrx_word' id='word_1_6' title='bbox 973 474 1071 548; x_wconf 67' lang='lat' dir='ltr'><strong>uelut</strong></span> <span class='ocrx_word' id='word_1_7' title='bbox 1091 477 1197 571; x_wconf 82' lang='lat' dir='ltr'><strong>digito</strong></span> 
     </span>
     <span class='ocr_line' id='line_1_3' title="bbox 133 576 1201 671; baseline 0.004 -22"><span class='ocrx_word' id='word_1_8' title='bbox 133 581 384 678; x_wconf 71' lang='lat' dir='ltr'><strong>ostendentes,</strong></span> <span class='ocrx_word' id='word_1_9' title='bbox 413 576 606 665; x_wconf 78' lang='lat' dir='ltr'><strong>interpretis</strong></span> <span class='ocrx_word' id='word_1_10' title='bbox 627 579 838 665; x_wconf 75' lang='lat' dir='ltr'><strong>elegantioris</strong></span> <span class='ocrx_word' id='word_1_11' title='bbox 861 604 1006 648; x_wconf 87' lang='lat' dir='ltr'><strong>munere</strong></span> <span class='ocrx_word' id='word_1_12' title='bbox 1019 588 1201 671; x_wconf 80' lang='lat' dir='ltr'><strong>praeclare</strong></span> 
     </span>
     <span class='ocr_line' id='line_1_4' title="bbox 151 672 1196 773; baseline 0.004 -24"><span class='ocrx_word' id='word_1_13' title='bbox 151 707 223 752; x_wconf 86' lang='lat' dir='ltr'><strong>sese</strong></span> <span class='ocrx_word' id='word_1_14' title='bbox 237 672 369 771; x_wconf 85' lang='lat' dir='ltr'><strong>putant</strong></span> <span class='ocrx_word' id='word_1_15' title='bbox 367 679 557 747; x_wconf 17' lang='lat' dir='ltr'><strong>wdefnnotos</strong></span> <span class='ocrx_word' id='word_1_16' title='bbox 602 679 716 767; x_wconf 81' lang='lat' dir='ltr'>Atqui</span> <span class='ocrx_word' id='word_1_17' title='bbox 720 703 821 747; x_wconf 88' lang='lat' dir='ltr'><strong>nemo</strong></span> <span class='ocrx_word' id='word_1_18' title='bbox 835 680 905 747; x_wconf 87' lang='lat' dir='ltr'><strong>fere</strong></span> <span class='ocrx_word' id='word_1_19' title='bbox 918 695 989 748; x_wconf 85' lang='lat' dir='ltr'><strong>tam</strong></span> <span class='ocrx_word' id='word_1_20' title='bbox 1001 696 1052 750; x_wconf 87' lang='lat' dir='ltr'><strong>est</strong></span> <span class='ocrx_word' id='word_1_21' title='bbox 1069 685 1196 773; x_wconf 83' lang='lat' dir='ltr'><strong>infans,</strong></span> 
     </span>
     <span class='ocr_line' id='line_1_5' title="bbox 145 783 1223 898; baseline 0 -44"><span class='ocrx_word' id='word_1_22' title='bbox 145 786 269 898; x_wconf 81' lang='lat' dir='ltr'><strong>&#39;quin</strong></span> <span class='ocrx_word' id='word_1_23' title='bbox 256 785 340 852; x_wconf 84' lang='lat' dir='ltr'><strong>hacc</strong></span> <span class='ocrx_word' id='word_1_24' title='bbox 359 793 478 872; x_wconf 87' lang='lat' dir='ltr'><strong>sponte</strong></span> <span class='ocrx_word' id='word_1_25' title='bbox 498 783 635 861; x_wconf 86' lang='lat' dir='ltr'><strong>sentiat,</strong></span> <span class='ocrx_word' id='word_1_26' title='bbox 662 803 870 871; x_wconf 85' lang='lat' dir='ltr'><strong>quamquam</strong></span> <span class='ocrx_word' id='word_1_27' title='bbox 885 809 946 851; x_wconf 88' lang='lat' dir='ltr'><strong>cur</strong></span> <span class='ocrx_word' id='word_1_28' title='bbox 955 789 1105 873; x_wconf 83' lang='lat' dir='ltr'>quaevis</span> <span class='ocrx_word' id='word_1_29' title='bbox 1113 791 1198 877; x_wconf 83' lang='lat' dir='ltr'><strong>pul·-</strong></span> <span class='ocrx_word' id='word_1_30' title='bbox 1220 807 1223 812; x_wconf 84' lang='grc'><em>·</em></span> 
     </span>
     <span class='ocr_line' id='line_1_6' title="bbox 145 876 1198 1001; baseline 0.001 -44.007"><span class='ocrx_word' id='word_1_31' title='bbox 145 876 235 957; x_wconf 77' lang='lat' dir='ltr'><strong>chia</strong></span> <span class='ocrx_word' id='word_1_32' title='bbox 247 887 345 968; x_wconf 85' lang='lat' dir='ltr'><strong>sint,</strong></span> <span class='ocrx_word' id='word_1_33' title='bbox 337 898 372 950; x_wconf 87' lang='lat' dir='ltr'><strong>et</strong></span> <span class='ocrx_word' id='word_1_34' title='bbox 385 907 485 1001; x_wconf 80' lang='lat' dir='ltr'><strong>quam</strong></span> <span class='ocrx_word' id='word_1_35' title='bbox 501 888 556 952; x_wconf 85' lang='lat' dir='ltr'><strong>vel</strong></span> <span class='ocrx_word' id='word_1_36' title='bbox 572 908 593 950; x_wconf 86' lang='lat' dir='ltr'><strong>a</strong></span> <span class='ocrx_word' id='word_1_37' title='bbox 609 907 671 953; x_wconf 92' lang='lat' dir='ltr'><strong>sua</strong></span> <span class='ocrx_word' id='word_1_38' title='bbox 686 897 804 953; x_wconf 85' lang='lat' dir='ltr'><strong>natura</strong></span> <span class='ocrx_word' id='word_1_39' title='bbox 819 888 872 952; x_wconf 88' lang='lat' dir='ltr'><strong>vel</strong></span> <span class='ocrx_word' id='word_1_40' title='bbox 887 910 906 951; x_wconf 92' lang='lat' dir='ltr'><strong>a</strong></span> <span class='ocrx_word' id='word_1_41' title='bbox 919 891 1094 989; x_wconf 83' lang='lat' dir='ltr'><strong>scriptoris</strong></span> <span class='ocrx_word' id='word_1_42' title='bbox 1109 913 1198 958; x_wconf 91' lang='lat' dir='ltr'><strong>con-</strong></span> 
     </span>
     <span class='ocr_line' id='line_1_7' title="bbox 152 975 1195 1079; baseline 0.004 -21"><span class='ocrx_word' id='word_1_43' title='bbox 152 992 228 1060; x_wconf 87' lang='lat' dir='ltr'><strong>silio</strong></span> <span class='ocrx_word' id='word_1_44' title='bbox 242 1001 299 1057; x_wconf 89' lang='lat' dir='ltr'><strong>aut</strong></span> <span class='ocrx_word' id='word_1_45' title='bbox 310 1009 413 1076; x_wconf 89' lang='lat' dir='ltr'><strong>quem</strong></span> <span class='ocrx_word' id='word_1_46' title='bbox 427 987 463 1054; x_wconf 91' lang='lat' dir='ltr'><strong>in</strong></span> <span class='ocrx_word' id='word_1_47' title='bbox 477 988 598 1054; x_wconf 87' lang='lat' dir='ltr'><strong>ceteris</strong></span> <span class='ocrx_word' id='word_1_48' title='bbox 613 975 728 1053; x_wconf 82' lang='lat' dir='ltr'><strong>tenent</strong></span> <span class='ocrx_word' id='word_1_49' title='bbox 744 991 827 1068; x_wconf 88' lang='lat' dir='ltr'><strong>loco,</strong></span> <span class='ocrx_word' id='word_1_50' title='bbox 850 988 999 1056; x_wconf 75' lang='lat' dir='ltr'><strong>habeant</strong></span> <span class='ocrx_word' id='word_1_51' title='bbox 1008 1007 1195 1079; x_wconf 72' lang='lat' dir='ltr'><strong>praestan,-</strong></span> 
     </span>
    </p>
   </div>
   <div class='ocr_carea' id='block_1_3' title="bbox 60 1092 846 1180">
    <p class='ocr_par' dir='ltr' id='par_1_3' title="bbox 60 1092 846 1180">
     <span class='ocr_line' id='line_1_8' title="bbox 60 1092 846 1180; baseline -0.001 -23"><span class='ocrx_word' id='word_1_52' title='bbox 60 1120 68 1128; x_wconf 90' lang='lat'>·</span> <span class='ocrx_word' id='word_1_53' title='bbox 146 1093 256 1172; x_wconf 71' lang='lat' dir='ltr'><strong>&#39;tism‚</strong></span> <span class='ocrx_word' id='word_1_54' title='bbox 278 1088 629 1180; x_wconf 84' lang='lat' dir='ltr'><strong>paucissimiomnino</strong></span> <span class='ocrx_word' id='word_1_55' title='bbox 647 1092 846 1177; x_wconf 86' lang='lat' dir='ltr'><strong>intelligunt.</strong></span> 
     </span>
    </p>
   </div>
   <div class='ocr_carea' id='block_1_4' title="bbox 54 1188 1240 2101">
    <p class='ocr_par' dir='ltr' id='par_1_4' title="bbox 54 1188 1240 2101">
     <span class='ocr_line' id='line_1_9' title="bbox 96 1188 1223 1297; baseline 0.004 -37"><span class='ocrx_word' id='word_1_56' title='bbox 96 1279 105 1297; x_wconf 20' lang='grc' dir='ltr'><strong>ἥ</strong></span> <span class='ocrx_word' id='word_1_57' title='bbox 173 1188 175 1196; x_wconf 68' lang='grc'>’</span> <span class='ocrx_word' id='word_1_58' title='bbox 236 1197 353 1281; x_wconf 85' lang='lat' dir='ltr'><strong>Neque</strong></span> <span class='ocrx_word' id='word_1_59' title='bbox 383 1213 445 1280; x_wconf 88' lang='lat' dir='ltr'><strong>ego</strong></span> <span class='ocrx_word' id='word_1_60' title='bbox 468 1215 551 1258; x_wconf 87' lang='lat' dir='ltr'><strong>sane</strong></span> <span class='ocrx_word' id='word_1_61' title='bbox 572 1194 680 1259; x_wconf 79' lang='lat' dir='ltr'><strong>velim&#39;</strong></span> <span class='ocrx_word' id='word_1_62' title='bbox 696 1196 802 1282; x_wconf 89' lang='lat' dir='ltr'><strong>pueri</strong></span> <span class='ocrx_word' id='word_1_63' title='bbox 817 1216 954 1262; x_wconf 89' lang='lat' dir='ltr'><strong>sensum</strong></span> <span class='ocrx_word' id='word_1_64' title='bbox 975 1197 1127 1286; x_wconf 82' lang='lat' dir='ltr'>magistri</span> <span class='ocrx_word' id='word_1_65' title='bbox 1150 1197 1192 1265; x_wconf 81' lang='lat' dir='ltr'><strong>ald</strong></span> <span class='ocrx_word' id='word_1_66' title='bbox 1221 1242 1223 1251; x_wconf 40' lang='grc' dir='ltr'><strong>ι</strong></span> 
     </span>
     <span class='ocr_line' id='line_1_10' title="bbox 111 1296 1240 1394; baseline 0.001 -26"><span class='ocrx_word' id='word_1_67' title='bbox 111 1331 113 1335; x_wconf 95' lang='grc'><strong><em>·</em></strong></span> <span class='ocrx_word' id='word_1_68' title='bbox 152 1298 266 1368; x_wconf 78' lang='lat' dir='ltr'><strong>omnia</strong></span> <span class='ocrx_word' id='word_1_69' title='bbox 282 1296 344 1362; x_wconf 86' lang='lat' dir='ltr'><strong>sibi</strong></span> <span class='ocrx_word' id='word_1_70' title='bbox 360 1296 559 1383; x_wconf 82' lang='lat' dir='ltr'><strong>praeeuntis</strong></span> <span class='ocrx_word' id='word_1_71' title='bbox 572 1296 643 1380; x_wconf 87' lang='lat' dir='ltr'><strong>regi</strong></span> <span class='ocrx_word' id='word_1_72' title='bbox 660 1296 796 1380; x_wconf 87' lang='lat' dir='ltr'><strong>judicio.</strong></span> <span class='ocrx_word' id='word_1_73' title='bbox 841 1296 1194 1394; x_wconf 31' lang='lat' dir='ltr'><strong>Quarelnil&#39;equidem</strong></span> <span class='ocrx_word' id='word_1_74' title='bbox 1238 1367 1240 1373; x_wconf 79' lang='grc'>,</span> 
     </span>
     <span class='ocr_line' id='line_1_11' title="bbox 59 1397 1195 1490; baseline -0.001 -21"><span class='ocrx_word' id='word_1_75' title='bbox 59 1442 61 1447; x_wconf 68' lang='lat'><strong>,</strong></span> <span class='ocrx_word' id='word_1_76' title='bbox 151 1405 225 1489; x_wconf 83' lang='lat' dir='ltr'><strong>ojus</strong></span> <span class='ocrx_word' id='word_1_77' title='bbox 237 1397 351 1464; x_wconf 86' lang='lat' dir='ltr'><strong>verbis</strong></span> <span class='ocrx_word' id='word_1_78' title='bbox 362 1398 473 1464; x_wconf 86' lang='lat' dir='ltr'><strong>credat</strong></span> <span class='ocrx_word' id='word_1_79' title='bbox 488 1419 598 1484; x_wconf 87' lang='lat' dir='ltr'><strong>neque</strong></span> <span class='ocrx_word' id='word_1_80' title='bbox 609 1397 678 1462; x_wconf 89' lang='lat' dir='ltr'><strong>fide</strong></span> <span class='ocrx_word' id='word_1_81' title='bbox 691 1398 841 1481; x_wconf 85' lang='lat' dir='ltr'><strong>ducatur,</strong></span> <span class='ocrx_word' id='word_1_82' title='bbox 856 1400 914 1465; x_wconf 90' lang='lat' dir='ltr'><strong>sed</strong></span> <span class='ocrx_word' id='word_1_83' title='bbox 924 1402 1065 1466; x_wconf 84' lang='lat' dir='ltr'><strong>ratione.</strong></span> <span class='ocrx_word' id='word_1_84' title='bbox 1090 1401 1195 1490; x_wconf 89' lang='lat' dir='ltr'><strong>Quod</strong></span> 
     </span>
     <span class='ocr_line' id='line_1_12' title="bbox 54 1494 1223 1592; baseline 0.004 -28"><span class='ocrx_word' id='word_1_85' title='bbox 54 1533 73 1564; x_wconf 50' lang='lat' dir='ltr'><em>s</em></span> <span class='ocrx_word' id='word_1_86' title='bbox 150 1502 282 1572; x_wconf 85' lang='lat' dir='ltr'><strong>malum</strong></span> <span class='ocrx_word' id='word_1_87' title='bbox 307 1521 430 1565; x_wconf 82' lang='lat' dir='ltr'><strong>cavere</strong></span> <span class='ocrx_word' id='word_1_88' title='bbox 454 1523 525 1587; x_wconf 85' lang='lat' dir='ltr'><strong>non</strong></span> <span class='ocrx_word' id='word_1_89' title='bbox 540 1501 605 1566; x_wconf 87' lang='lat' dir='ltr'><strong>erit</strong></span> <span class='ocrx_word' id='word_1_90' title='bbox 620 1501 796 1590; x_wconf 83' lang='lat' dir='ltr'><strong>discipuli,</strong></span> <span class='ocrx_word' id='word_1_91' title='bbox 818 1502 1195 1592; x_wconf 82' lang='lat' dir='ltr'><strong>verumpraeceptoris.</strong></span> <span class='ocrx_word' id='word_1_92' title='bbox 1220 1494 1223 1499; x_wconf 41' lang='lat'><strong><em>¹</em></strong></span> 
     </span>
     <span class='ocr_line' id='line_1_13' title="bbox 152 1600 1194 1696; baseline 0.002 -24"><span class='ocrx_word' id='word_1_93' title='bbox 152 1606 224 1696; x_wconf 85' lang='lat' dir='ltr'><strong>Qui</strong></span> <span class='ocrx_word' id='word_1_94' title='bbox 248 1600 513 1692; x_wconf 75' lang='lat' dir='ltr'><strong>quotiescunque</strong></span> <span class='ocrx_word' id='word_1_95' title='bbox 536 1602 676 1684; x_wconf 87' lang='lat' dir='ltr'><strong>viderit,</strong></span> <span class='ocrx_word' id='word_1_96' title='bbox 699 1604 795 1670; x_wconf 87' lang='lat' dir='ltr'><strong>illum</strong></span> <span class='ocrx_word' id='word_1_97' title='bbox 821 1605 863 1671; x_wconf 91' lang='lat' dir='ltr'><strong>ab</strong></span> <span class='ocrx_word' id='word_1_98' title='bbox 885 1629 921 1672; x_wconf 90' lang='lat' dir='ltr'><strong>se</strong></span> <span class='ocrx_word' id='word_1_99' title='bbox 944 1617 1109 1671; x_wconf 90' lang='lat' dir='ltr'><strong>tentatum</strong></span> <span class='ocrx_word' id='word_1_100' title='bbox 1126 1606 1194 1675; x_wconf 88' lang='lat' dir='ltr'><strong>loci</strong></span> 
     </span>
     <span class='ocr_line' id='line_1_14' title="bbox 150 1703 1191 1802; baseline -0.006 -26"><span class='ocrx_word' id='word_1_101' title='bbox 150 1707 349 1794; x_wconf 74' lang='lat' dir='ltr'><strong>eujusdam</strong></span> <span class='ocrx_word' id='word_1_102' title='bbox 347 1703 461 1799; x_wconf 77' lang='lat' dir='ltr'><strong>rninus</strong></span> <span class='ocrx_word' id='word_1_103' title='bbox 486 1705 625 1792; x_wconf 85' lang='lat' dir='ltr'><strong>adsequi</strong></span> <span class='ocrx_word' id='word_1_104' title='bbox 640 1707 699 1772; x_wconf 86' lang='lat' dir='ltr'><strong>vel</strong></span> <span class='ocrx_word' id='word_1_105' title='bbox 719 1706 904 1775; x_wconf 87' lang='lat' dir='ltr'><strong>artificium</strong></span> <span class='ocrx_word' id='word_1_106' title='bbox 923 1709 980 1773; x_wconf 83' lang='lat' dir='ltr'><strong>vel</strong></span> <span class='ocrx_word' id='word_1_107' title='bbox 990 1707 1191 1802; x_wconf 82' lang='lat' dir='ltr'><strong>pulchritu-</strong></span> 
     </span>
     <span class='ocr_line' id='line_1_15' title="bbox 152 1798 1190 1895; baseline -0.006 -18"><span class='ocrx_word' id='word_1_108' title='bbox 152 1810 285 1891; x_wconf 88' lang='lat' dir='ltr'><strong>dinem,</strong></span> <span class='ocrx_word' id='word_1_109' title='bbox 306 1804 394 1872; x_wconf 86' lang='lat' dir='ltr'><strong>nolit</strong></span> <span class='ocrx_word' id='word_1_110' title='bbox 422 1816 636 1875; x_wconf 76' lang='lat' dir='ltr'><strong>antevertere</strong></span> <span class='ocrx_word' id='word_1_111' title='bbox 656 1798 748 1895; x_wconf 72' lang='lat' dir='ltr'><strong>ejus</strong></span> <span class='ocrx_word' id='word_1_112' title='bbox 749 1810 820 1875; x_wconf 85' lang='lat' dir='ltr'><strong>sive</strong></span> <span class='ocrx_word' id='word_1_113' title='bbox 839 1808 1036 1894; x_wconf 90' lang='lat' dir='ltr'><strong>judicium</strong></span> <span class='ocrx_word' id='word_1_114' title='bbox 1012 1829 1080 1874; x_wconf 77' lang='lat' dir='ltr'><strong>sive</strong></span> <span class='ocrx_word' id='word_1_115' title='bbox 1093 1819 1190 1872; x_wconf 82' lang='lat' dir='ltr'><strong>aeta</strong></span> 
     </span>
     <span class='ocr_line' id='line_1_16' title="bbox 150 1906 1189 1991; baseline -0.006 -9"><span class='ocrx_word' id='word_1_116' title='bbox 150 1927 240 1989; x_wconf 83' lang='lat' dir='ltr'><strong>tem,</strong></span> <span class='ocrx_word' id='word_1_117' title='bbox 260 1929 393 1976; x_wconf 87' lang='lat' dir='ltr'><strong>memor</strong></span> <span class='ocrx_word' id='word_1_118' title='bbox 412 1906 493 1972; x_wconf 84' lang='lat' dir='ltr'><strong>talia</strong></span> <span class='ocrx_word' id='word_1_119' title='bbox 514 1909 659 1977; x_wconf 87' lang='lat' dir='ltr'><strong>minime</strong></span> <span class='ocrx_word' id='word_1_120' title='bbox 672 1926 743 1977; x_wconf 83' lang='lat' dir='ltr'><strong>esse</strong></span> <span class='ocrx_word' id='word_1_121' title='bbox 757 1911 951 1991; x_wconf 84' lang='lat' dir='ltr'><strong>ediscenda,</strong></span> <span class='ocrx_word' id='word_1_122' title='bbox 973 1933 1091 1976; x_wconf 85' lang='lat' dir='ltr'><strong>verum</strong></span> <span class='ocrx_word' id='word_1_123' title='bbox 1108 1931 1189 1976; x_wconf 87' lang='lat' dir='ltr'><strong>cum</strong></span> 
     </span>
     <span class='ocr_line' id='line_1_17' title="bbox 149 2005 1236 2101; baseline -0.007 -19"><span class='ocrx_word' id='word_1_124' title='bbox 149 2012 323 2082; x_wconf 84' lang='lat' dir='ltr'><strong>sentienda</strong></span> <span class='ocrx_word' id='word_1_125' title='bbox 345 2023 419 2077; x_wconf 90' lang='lat' dir='ltr'><strong>tum</strong></span> <span class='ocrx_word' id='word_1_126' title='bbox 438 2011 662 2101; x_wconf 85' lang='lat' dir='ltr'><strong>intelligenda.</strong></span> <span class='ocrx_word' id='word_1_127' title='bbox 710 2016 753 2080; x_wconf 67' lang='lat' dir='ltr'><strong>‘In</strong></span> <span class='ocrx_word' id='word_1_128' title='bbox 776 2005 841 2080; x_wconf 86' lang='lat' dir='ltr'><strong>illis</strong></span> <span class='ocrx_word' id='word_1_129' title='bbox 863 2025 979 2079; x_wconf 88' lang='lat' dir='ltr'><strong>autem</strong></span> <span class='ocrx_word' id='word_1_130' title='bbox 993 2012 1088 2100; x_wconf 89' lang='lat' dir='ltr'><strong>ipsis,</strong></span> <span class='ocrx_word' id='word_1_131' title='bbox 1111 2011 1190 2097; x_wconf 84' lang='lat' dir='ltr'><strong>qui·</strong></span> <span class='ocrx_word' id='word_1_132' title='bbox 1227 2040 1236 2048; x_wconf 37' lang='grc' dir='ltr'>ν</span> 
     </span>
    </p>
   </div>
   <div class='ocr_carea' id='block_1_5' title="bbox 34 2111 1194 2309">
    <p class='ocr_par' dir='ltr' id='par_1_5' title="bbox 34 2111 1194 2309">
     <span class='ocr_line' id='line_1_18' title="bbox 34 2111 1194 2204; baseline -0.007 -19"><span class='ocrx_word' id='word_1_133' title='bbox 34 2129 40 2139; x_wconf 73' lang='lat'><strong><em>‘</em></strong></span> <span class='ocrx_word' id='word_1_134' title='bbox 150 2117 213 2185; x_wconf 82' lang='lat' dir='ltr'><strong>bus</strong></span> <span class='ocrx_word' id='word_1_135' title='bbox 232 2111 379 2182; x_wconf 86' lang='lat' dir='ltr'><strong>ferendis</strong></span> <span class='ocrx_word' id='word_1_136' title='bbox 399 2135 481 2180; x_wconf 90' lang='lat' dir='ltr'><strong>eum</strong></span> <span class='ocrx_word' id='word_1_137' title='bbox 489 2120 612 2204; x_wconf 68' lang='lat' dir='ltr'><strong>‘parem</strong></span> <span class='ocrx_word' id='word_1_138' title='bbox 626 2139 695 2182; x_wconf 87' lang='lat' dir='ltr'><strong>esse</strong></span> <span class='ocrx_word' id='word_1_139' title='bbox 710 2115 974 2195; x_wconf 73' lang='lat' dir='ltr'><strong>animadvertat,</strong></span> <span class='ocrx_word' id='word_1_140' title='bbox 997 2113 1126 2203; x_wconf 85' lang='lat' dir='ltr'><strong>saepius</strong></span> <span class='ocrx_word' id='word_1_141' title='bbox 1141 2111 1194 2178; x_wconf 87' lang='grc' dir='ltr'><strong>ιιιι</strong></span> 
     </span>
     <span class='ocr_line' id='line_1_19' title="bbox 34 2212 1193 2309; baseline -0.003 -28"><span class='ocrx_word' id='word_1_142' title='bbox 34 2277 37 2281; x_wconf 84' lang='grc'>.</span> <span class='ocrx_word' id='word_1_143' title='bbox 107 2266 112 2279; x_wconf 62' lang='lat'>=</span> <span class='ocrx_word' id='word_1_144' title='bbox 151 2242 188 2288; x_wconf 87' lang='lat' dir='ltr'><strong>se</strong></span> <span class='ocrx_word' id='word_1_145' title='bbox 210 2216 369 2284; x_wconf 89' lang='lat' dir='ltr'><strong>comitem</strong></span> <span class='ocrx_word' id='word_1_146' title='bbox 383 2219 637 2309; x_wconf 22' lang='lat' dir='ltr'><strong>,quam‘pduoem</strong></span> <span class='ocrx_word' id='word_1_147' title='bbox 660 2212 796 2285; x_wconf 84' lang='lat' dir='ltr'><strong>offeret:</strong></span> <span class='ocrx_word' id='word_1_148' title='bbox 820 2218 937 2298; x_wconf 89' lang='lat' dir='ltr'><strong>idest,</strong></span> <span class='ocrx_word' id='word_1_149' title='bbox 960 2241 1059 2284; x_wconf 86' lang='lat' dir='ltr'><strong>suum</strong></span> <span class='ocrx_word' id='word_1_150' title='bbox 1076 2215 1193 2279; x_wconf 88' lang='lat' dir='ltr'><strong>de&#39;re-</strong></span> 
     </span>
    </p>
   </div>
   <div class='ocr_carea' id='block_1_6' title="bbox 150 2317 1259 2511">
    <p class='ocr_par' dir='ltr' id='par_1_6' title="bbox 150 2317 1259 2511">
     <span class='ocr_line' id='line_1_20' title="bbox 150 2317 1259 2410; baseline -0.01 -19"><span class='ocrx_word' id='word_1_151' title='bbox 150 2324 213 2391; x_wconf 87' lang='lat' dir='ltr'><strong>bus</strong></span> <span class='ocrx_word' id='word_1_152' title='bbox 234 2342 391 2410; x_wconf 81' lang='lat' dir='ltr'><strong>premens</strong></span> <span class='ocrx_word' id='word_1_153' title='bbox 412 2320 590 2405; x_wconf 89' lang='lat' dir='ltr'><strong>judicium,</strong></span> <span class='ocrx_word' id='word_1_154' title='bbox 621 2320 718 2386; x_wconf 84' lang='lat' dir='ltr'><strong>alteri</strong></span> <span class='ocrx_word' id='word_1_155' title='bbox 737 2321 817 2404; x_wconf 91' lang='lat' dir='ltr'><strong>quid</strong></span> <span class='ocrx_word' id='word_1_156' title='bbox 839 2332 873 2385; x_wconf 89' lang='lat' dir='ltr'><strong>ct</strong></span> <span class='ocrx_word' id='word_1_157' title='bbox 892 2342 997 2407; x_wconf 85' lang='lat' dir='ltr'><strong>quare</strong></span> <span class='ocrx_word' id='word_1_158' title='bbox 1017 2321 1063 2385; x_wconf 88' lang='lat' dir='ltr'><strong>sio</strong></span> <span class='ocrx_word' id='word_1_159' title='bbox 1076 2318 1193 2383; x_wconf 85' lang='lat' dir='ltr'><strong>videa·</strong></span> <span class='ocrx_word' id='word_1_160' title='bbox 1237 2317 1259 2367; x_wconf 63' lang='lat' dir='ltr'><em>s</em></span> 
     </span>
     <span class='ocr_line' id='line_1_21' title="bbox 150 2421 1193 2511; baseline -0.008 -17"><span class='ocrx_word' id='word_1_161' title='bbox 150 2438 224 2502; x_wconf 73' lang='lat' dir='ltr'><strong>tur,</strong></span> <span class='ocrx_word' id='word_1_162' title='bbox 251 2422 422 2508; x_wconf 84' lang='lat' dir='ltr'><strong>exquirat,</strong></span> <span class='ocrx_word' id='word_1_163' title='bbox 454 2433 555 2511; x_wconf 87' lang='lat' dir='ltr'><strong>atque</strong></span> <span class='ocrx_word' id='word_1_164' title='bbox 577 2422 679 2489; x_wconf 84' lang='lat' dir='ltr'><strong>etiam</strong></span> <span class='ocrx_word' id='word_1_165' title='bbox 707 2422 922 2488; x_wconf 89' lang='lat' dir='ltr'><strong>aberrantem</strong></span> <span class='ocrx_word' id='word_1_166' title='bbox 945 2436 1024 2510; x_wconf 89' lang='lat' dir='ltr'><strong>apte</strong></span> <span class='ocrx_word' id='word_1_167' title='bbox 1045 2421 1193 2487; x_wconf 86' lang='lat' dir='ltr'><strong>interro-</strong></span> 
     </span>
    </p>
   </div>
   <div class='ocr_carea' id='block_1_7' title="bbox 25 2515 1191 2616">
    <p class='ocr_par' dir='ltr' id='par_1_7' title="bbox 25 2515 1191 2616">
     <span class='ocr_line' id='line_1_22' title="bbox 25 2515 1191 2616; baseline -0.011 -20"><span class='ocrx_word' id='word_1_168' title='bbox 25 2515 36 2542; x_wconf 54' lang='lat'>*</span> <span class='ocrx_word' id='word_1_169' title='bbox 151 2526 260 2616; x_wconf 85' lang='lat' dir='ltr'><strong>gando</strong></span> <span class='ocrx_word' id='word_1_170' title='bbox 281 2527 328 2590; x_wconf 88' lang='lat' dir='ltr'><strong>ita</strong></span> <span class='ocrx_word' id='word_1_171' title='bbox 339 2524 377 2588; x_wconf 92' lang='lat' dir='ltr'><strong>in</strong></span> <span class='ocrx_word' id='word_1_172' title='bbox 393 2522 484 2591; x_wconf 79' lang='lat' dir='ltr'><strong>viam</strong></span> <span class='ocrx_word' id='word_1_173' title='bbox 500 2525 659 2605; x_wconf 85' lang='lat' dir='ltr'><strong>reducat,</strong></span> <span class='ocrx_word' id='word_1_174' title='bbox 681 2524 800 2604; x_wconf 81' lang='lat' dir='ltr'><strong>utilis,</strong></span> <span class='ocrx_word' id='word_1_175' title='bbox 814 2524 981 2611; x_wconf 88' lang='lat' dir='ltr'><strong>quidquid</strong></span> <span class='ocrx_word' id='word_1_176' title='bbox 996 2521 1191 2612; x_wconf 80' lang='lat' dir='ltr'><strong>profecerit,</strong></span> 
     </span>
    </p>
   </div>
   <div class='ocr_carea' id='block_1_8' title="bbox 150 2622 1192 2711">
    <p class='ocr_par' dir='ltr' id='par_1_8' title="bbox 150 2622 1192 2711">
     <span class='ocr_line' id='line_1_23' title="bbox 150 2622 1192 2711; baseline -0.012 -14"><span class='ocrx_word' id='word_1_177' title='bbox 150 2652 220 2697; x_wconf 90' lang='lat' dir='ltr'><strong>non</strong></span> <span class='ocrx_word' id='word_1_178' title='bbox 244 2626 410 2707; x_wconf 81' lang='lat' dir='ltr'><strong>didicisse,</strong></span> <span class='ocrx_word' id='word_1_179' title='bbox 440 2649 562 2691; x_wconf 86' lang='lat' dir='ltr'><strong>verum</strong></span> <span class='ocrx_word' id='word_1_180' title='bbox 584 2622 754 2711; x_wconf 84' lang='lat' dir='ltr'><strong>invenisse</strong></span> <span class='ocrx_word' id='word_1_181' title='bbox 774 2626 839 2692; x_wconf 89' lang='lat' dir='ltr'><strong>sibi</strong></span> <span class='ocrx_word' id='word_1_182' title='bbox 857 2627 1022 2693; x_wconf 84' lang='lat' dir='ltr'><strong>videatur.</strong></span> <span class='ocrx_word' id='word_1_183' title='bbox 1074 2625 1192 2708; x_wconf 83' lang='lat' dir='ltr'><strong>Neque</strong></span> 
     </span>
    </p>
   </div>
   <div class='ocr_carea' id='block_1_9' title="bbox 40 2726 1192 2815">
    <p class='ocr_par' dir='ltr' id='par_1_9' title="bbox 40 2726 1192 2815">
     <span class='ocr_line' id='line_1_24' title="bbox 40 2726 1192 2815; baseline -0.009 -16"><span class='ocrx_word' id='word_1_184' title='bbox 40 2771 42 2775; x_wconf 94' lang='lat'>·</span> <span class='ocrx_word' id='word_1_185' title='bbox 150 2730 284 2798; x_wconf 88' lang='lat' dir='ltr'><strong>isthanc</strong></span> <span class='ocrx_word' id='word_1_186' title='bbox 309 2747 369 2812; x_wconf 85' lang='lat' dir='ltr'><strong>ego</strong></span> <span class='ocrx_word' id='word_1_187' title='bbox 389 2726 564 2796; x_wconf 85' lang='lat' dir='ltr'><strong>invideam</strong></span> <span class='ocrx_word' id='word_1_188' title='bbox 584 2726 740 2808; x_wconf 89' lang='lat' dir='ltr'><strong>laudem,</strong></span> <span class='ocrx_word' id='word_1_189' title='bbox 783 2750 850 2815; x_wconf 87' lang='lat' dir='ltr'><strong>qua</strong></span> <span class='ocrx_word' id='word_1_190' title='bbox 872 2727 958 2792; x_wconf 92' lang='lat' dir='ltr'><strong>nihil</strong></span> <span class='ocrx_word' id='word_1_191' title='bbox 979 2726 1085 2814; x_wconf 83' lang='lat' dir='ltr'><strong>magis</strong></span> <span class='ocrx_word' id='word_1_192' title='bbox 1100 2727 1192 2800; x_wconf 77' lang='lat' dir='ltr'><strong>valet</strong></span> 
     </span>
    </p>
   </div>
   <div class='ocr_carea' id='block_1_10' title="bbox 142 2827 1191 2916">
    <p class='ocr_par' dir='ltr' id='par_1_10' title="bbox 142 2827 1191 2916">
     <span class='ocr_line' id='line_1_25' title="bbox 142 2827 1191 2916; baseline -0.008 -16"><span class='ocrx_word' id='word_1_193' title='bbox 142 2856 228 2900; x_wconf 75' lang='lat' dir='ltr'><strong>¹ctam</strong></span> <span class='ocrx_word' id='word_1_194' title='bbox 249 2830 291 2896; x_wconf 84' lang='lat' dir='ltr'><strong>ed</strong></span> <span class='ocrx_word' id='word_1_195' title='bbox 309 2828 560 2898; x_wconf 89' lang='lat' dir='ltr'><strong>incendendum</strong></span> <span class='ocrx_word' id='word_1_196' title='bbox 583 2830 734 2899; x_wconf 86' lang='lat' dir='ltr'><strong>studium</strong></span> <span class='ocrx_word' id='word_1_197' title='bbox 755 2843 831 2896; x_wconf 86' lang='lat' dir='ltr'><strong>tum</strong></span> <span class='ocrx_word' id='word_1_198' title='bbox 852 2830 896 2916; x_wconf 82' lang='lat' dir='ltr'><strong>ad</strong></span> <span class='ocrx_word' id='word_1_199' title='bbox 907 2831 1103 2896; x_wconf 89' lang='lat' dir='ltr'><strong>intentionis</strong></span> <span class='ocrx_word' id='word_1_200' title='bbox 1118 2827 1191 2893; x_wconf 88' lang='lat' dir='ltr'><strong>vim</strong></span> 
     </span>
    </p>
   </div>
   <div class='ocr_carea' id='block_1_11' title="bbox 9 2930 1191 3133">
    <p class='ocr_par' dir='ltr' id='par_1_11' title="bbox 9 2930 1191 3133">
     <span class='ocr_line' id='line_1_26' title="bbox 9 2930 1191 3026; baseline -0.009 -19"><span class='ocrx_word' id='word_1_201' title='bbox 9 2985 43 3007; x_wconf 42' lang='lat'><strong>1-</strong></span> <span class='ocrx_word' id='word_1_202' title='bbox 149 2935 349 3003; x_wconf 79' lang='lat' dir='ltr'><strong>acuendam.</strong></span> <span class='ocrx_word' id='word_1_203' title='bbox 395 2933 476 3023; x_wconf 90' lang='lat' dir='ltr'><strong>Quo</strong></span> <span class='ocrx_word' id='word_1_204' title='bbox 494 2947 591 3026; x_wconf 88' lang='lat' dir='ltr'><strong>pacto</strong></span> <span class='ocrx_word' id='word_1_205' title='bbox 609 2957 688 3001; x_wconf 86' lang='lat' dir='ltr'><strong>vero</strong></span> <span class='ocrx_word' id='word_1_206' title='bbox 709 2931 920 3021; x_wconf 84' lang='lat' dir='ltr'><strong>singulorum</strong></span> <span class='ocrx_word' id='word_1_207' title='bbox 940 2933 1110 2999; x_wconf 90' lang='lat' dir='ltr'><strong>luminum</strong></span> <span class='ocrx_word' id='word_1_208' title='bbox 1135 2930 1191 2996; x_wconf 87' lang='lat' dir='ltr'><strong>vel</strong></span> 
     </span>
     <span class='ocr_line' id='line_1_27' title="bbox 41 3028 1191 3133; baseline -0.006 -29"><span class='ocrx_word' id='word_1_209' title='bbox 41 3028 44 3032; x_wconf 38' lang='lat'><strong>⁴</strong></span> <span class='ocrx_word' id='word_1_210' title='bbox 150 3059 312 3104; x_wconf 82' lang='lat' dir='ltr'><strong>verorum</strong></span> <span class='ocrx_word' id='word_1_211' title='bbox 324 3034 368 3103; x_wconf 84' lang='lat' dir='ltr'><strong>sit</strong></span> <span class='ocrx_word' id='word_1_212' title='bbox 381 3037 491 3102; x_wconf 84' lang='lat' dir='ltr'><strong>virtus</strong></span> <span class='ocrx_word' id='word_1_213' title='bbox 504 3037 721 3126; x_wconf 86' lang='lat' dir='ltr'><strong>explicanda,</strong></span> <span class='ocrx_word' id='word_1_214' title='bbox 742 3039 798 3104; x_wconf 89' lang='lat' dir='ltr'><strong>vel</strong></span> <span class='ocrx_word' id='word_1_215' title='bbox 813 3033 977 3133; x_wconf 77' lang='lat' dir='ltr'><strong>falsorurn</strong></span> <span class='ocrx_word' id='word_1_216' title='bbox 991 3033 1191 3127; x_wconf 75' lang='lat' dir='ltr'><strong>excutienda</strong></span> 
     </span>
    </p>
   </div>
   <div class='ocr_carea' id='block_1_12' title="bbox 149 3134 1236 3231">
    <p class='ocr_par' dir='ltr' id='par_1_12' title="bbox 149 3134 1236 3231">
     <span class='ocr_line' id='line_1_28' title="bbox 149 3134 1236 3231; baseline -0.007 -25"><span class='ocrx_word' id='word_1_217' title='bbox 149 3135 315 3216; x_wconf 83' lang='lat' dir='ltr'><strong>inanitas,</strong></span> <span class='ocrx_word' id='word_1_218' title='bbox 351 3140 513 3223; x_wconf 86' lang='lat' dir='ltr'><strong>quoniam</strong></span> <span class='ocrx_word' id='word_1_219' title='bbox 540 3136 577 3205; x_wconf 85' lang='grc' dir='ltr'><strong>ιιι</strong></span> <span class='ocrx_word' id='word_1_220' title='bbox 599 3153 697 3230; x_wconf 85' lang='lat' dir='ltr'><strong>parte</strong></span> <span class='ocrx_word' id='word_1_221' title='bbox 716 3138 884 3231; x_wconf 69' lang='lat' dir='ltr'><strong>superiori.</strong></span> <span class='ocrx_word' id='word_1_222' title='bbox 905 3160 1008 3227; x_wconf 87' lang='lat' dir='ltr'><strong>quam</strong></span> <span class='ocrx_word' id='word_1_223' title='bbox 1032 3134 1189 3226; x_wconf 89' lang='lat' dir='ltr'><strong>plurimis</strong></span> <span class='ocrx_word' id='word_1_224' title='bbox 1234 3182 1236 3186; x_wconf 85' lang='lat'><em>-</em></span> 
     </span>
    </p>
   </div>
   <div class='ocr_carea' id='block_1_13' title="bbox 31 3236 1259 3335">
    <p class='ocr_par' dir='ltr' id='par_1_13' title="bbox 31 3236 1259 3335">
     <span class='ocr_line' id='line_1_29' title="bbox 31 3236 1259 3335; baseline -0.008 -26"><span class='ocrx_word' id='word_1_225' title='bbox 31 3328 34 3335; x_wconf 21' lang='lat' dir='ltr'>y</span> <span class='ocrx_word' id='word_1_226' title='bbox 150 3237 372 3319; x_wconf 81' lang='lat' dir='ltr'><strong>ostendimus,</strong></span> <span class='ocrx_word' id='word_1_227' title='bbox 407 3254 497 3310; x_wconf 87' lang='lat' dir='ltr'><strong>certe</strong></span> <span class='ocrx_word' id='word_1_228' title='bbox 524 3245 702 3311; x_wconf 84' lang='lat' dir='ltr'><strong>ostendere</strong></span> <span class='ocrx_word' id='word_1_229' title='bbox 730 3243 859 3310; x_wconf 87' lang='lat' dir='ltr'><strong>connisi</strong></span> <span class='ocrx_word' id='word_1_230' title='bbox 879 3263 995 3307; x_wconf 88' lang='lat' dir='ltr'><strong>sumus</strong></span> <span class='ocrx_word' id='word_1_231' title='bbox 1015 3236 1189 3325; x_wconf 80' lang='lat' dir='ltr'><strong>exemplis,</strong></span> <span class='ocrx_word' id='word_1_232' title='bbox 1255 3241 1259 3254; x_wconf 84' lang='grc'><strong>“</strong></span> 
     </span>
    </p>
   </div>
   <div class='ocr_carea' id='block_1_14' title="bbox 60 3339 1240 4156">
    <p class='ocr_par' dir='ltr' id='par_1_14' title="bbox 60 3339 1192 3740">
     <span class='ocr_line' id='line_1_30' title="bbox 149 3339 1191 3436; baseline -0.006 -26"><span class='ocrx_word' id='word_1_233' title='bbox 149 3345 214 3411; x_wconf 90' lang='lat' dir='ltr'><strong>hoc</strong></span> <span class='ocrx_word' id='word_1_234' title='bbox 235 3344 309 3423; x_wconf 84' lang='lat' dir='ltr'><strong>loeo</strong></span> <span class='ocrx_word' id='word_1_235' title='bbox 329 3341 512 3410; x_wconf 89' lang='lat' dir='ltr'><strong>dicendum</strong></span> <span class='ocrx_word' id='word_1_236' title='bbox 532 3369 601 3412; x_wconf 89' lang='lat' dir='ltr'><strong>non</strong></span> <span class='ocrx_word' id='word_1_237' title='bbox 620 3359 712 3436; x_wconf 86' lang='lat' dir='ltr'><strong>puto.</strong></span> <span class='ocrx_word' id='word_1_238' title='bbox 760 3347 928 3412; x_wconf 75' lang='lat' dir='ltr'><strong>iudicium</strong></span> <span class='ocrx_word' id='word_1_239' title='bbox 948 3354 1064 3407; x_wconf 88' lang='lat' dir='ltr'><strong>autem</strong></span> <span class='ocrx_word' id='word_1_240' title='bbox 1078 3341 1133 3405; x_wconf 86' lang='lat' dir='ltr'><strong>vel</strong></span> <span class='ocrx_word' id='word_1_241' title='bbox 1146 3339 1191 3404; x_wconf 84' lang='lat' dir='ltr'><strong>sit</strong></span> 
     </span>
     <span class='ocr_line' id='line_1_31' title="bbox 149 3443 1192 3534; baseline -0.004 -22"><span class='ocrx_word' id='word_1_242' title='bbox 149 3445 312 3533; x_wconf 84' lang='lat' dir='ltr'><strong>simplex,</strong></span> <span class='ocrx_word' id='word_1_243' title='bbox 335 3445 438 3509; x_wconf 88' lang='lat' dir='ltr'><strong>modo</strong></span> <span class='ocrx_word' id='word_1_244' title='bbox 464 3448 606 3534; x_wconf 87' lang='lat' dir='ltr'><strong>plenum</strong></span> <span class='ocrx_word' id='word_1_245' title='bbox 623 3461 655 3514; x_wconf 89' lang='lat' dir='ltr'><strong>et</strong></span> <span class='ocrx_word' id='word_1_246' title='bbox 672 3449 889 3525; x_wconf 84' lang='lat' dir='ltr'><strong>adcuratum,</strong></span> <span class='ocrx_word' id='word_1_247' title='bbox 910 3443 1192 3510; x_wconf 83' lang='lat' dir='ltr'><strong>velcontineatur</strong></span> 
     </span>
     <span class='ocr_line' id='line_1_32' title="bbox 150 3544 1192 3638; baseline -0.007 -24"><span class='ocrx_word' id='word_1_248' title='bbox 150 3549 355 3637; x_wconf 85' lang='lat' dir='ltr'><strong>scriptorum</strong></span> <span class='ocrx_word' id='word_1_249' title='bbox 374 3548 528 3615; x_wconf 83' lang='lat' dir='ltr'><strong>aliorum</strong></span> <span class='ocrx_word' id='word_1_250' title='bbox 558 3574 636 3618; x_wconf 89' lang='lat' dir='ltr'><strong>cum</strong></span> <span class='ocrx_word' id='word_1_251' title='bbox 666 3553 740 3618; x_wconf 86' lang='lat' dir='ltr'><strong>aliis</strong></span> <span class='ocrx_word' id='word_1_252' title='bbox 766 3549 1027 3638; x_wconf 87' lang='lat' dir='ltr'><strong>comparatione.</strong></span> <span class='ocrx_word' id='word_1_253' title='bbox 1085 3544 1192 3631; x_wconf 80' lang='lat' dir='ltr'><strong>Igitur</strong></span> 
     </span>
     <span class='ocr_line' id='line_1_33' title="bbox 60 3630 1190 3740; baseline -0.003 -25"><span class='ocrx_word' id='word_1_254' title='bbox 60 3661 63 3668; x_wconf 86' lang='lat'>&#39;</span> <span class='ocrx_word' id='word_1_255' title='bbox 150 3673 240 3740; x_wconf 82' lang='lat' dir='ltr'><strong>puer</strong></span> <span class='ocrx_word' id='word_1_256' title='bbox 249 3650 349 3716; x_wconf 86' lang='lat' dir='ltr'><strong>velim</strong></span> <span class='ocrx_word' id='word_1_257' title='bbox 367 3630 495 3718; x_wconf 87' lang='lat' dir='ltr'><strong>discat</strong></span> <span class='ocrx_word' id='word_1_258' title='bbox 484 3675 523 3720; x_wconf 85' lang='grc' dir='ltr'><strong>ιιι</strong></span> <span class='ocrx_word' id='word_1_259' title='bbox 533 3652 657 3722; x_wconf 88' lang='lat' dir='ltr'><strong>iisdem</strong></span> <span class='ocrx_word' id='word_1_260' title='bbox 664 3657 789 3722; x_wconf 85' lang='lat' dir='ltr'><strong>caussis</strong></span> <span class='ocrx_word' id='word_1_261' title='bbox 804 3652 903 3720; x_wconf 91' lang='lat' dir='ltr'><strong>modo</strong></span> <span class='ocrx_word' id='word_1_262' title='bbox 910 3651 1088 3718; x_wconf 76' lang='lat' dir='ltr'><strong>Lucanum</strong></span> <span class='ocrx_word' id='word_1_263' title='bbox 1100 3645 1190 3712; x_wconf 93' lang='grc' dir='ltr'><strong>Οιι</strong></span> 
     </span>
    </p>

    <p class='ocr_par' dir='ltr' id='par_1_15' title="bbox 149 3747 1191 3844">
     <span class='ocr_line' id='line_1_34' title="bbox 149 3747 1191 3844; baseline -0.006 -26"><span class='ocrx_word' id='word_1_264' title='bbox 149 3747 311 3840; x_wconf 88' lang='lat' dir='ltr'><strong>‹liumque</strong></span> <span class='ocrx_word' id='word_1_265' title='bbox 334 3774 353 3814; x_wconf 90' lang='lat' dir='ltr'><strong>e</strong></span> <span class='ocrx_word' id='word_1_266' title='bbox 367 3753 524 3841; x_wconf 75' lang='lat' dir='ltr'><strong>Virgilio</strong></span> <span class='ocrx_word' id='word_1_267' title='bbox 545 3758 647 3822; x_wconf 91' lang='lat' dir='ltr'><strong>modo</strong></span> <span class='ocrx_word' id='word_1_268' title='bbox 661 3756 722 3825; x_wconf 79' lang='lat' dir='ltr'><strong>Vir·</strong></span> <span class='ocrx_word' id='word_1_269' title='bbox 723 3757 843 3844; x_wconf 87' lang='lat' dir='ltr'><strong>gilium</strong></span> <span class='ocrx_word' id='word_1_270' title='bbox 856 3751 1040 3819; x_wconf 88' lang='lat' dir='ltr'><strong>emendare</strong></span> <span class='ocrx_word' id='word_1_271' title='bbox 1056 3775 1098 3816; x_wconf 85' lang='lat' dir='ltr'><strong>ex</strong></span> <span class='ocrx_word' id='word_1_272' title='bbox 1115 3751 1191 3815; x_wconf 74' lang='lat' dir='ltr'><strong>Ho-</strong></span> 
     </span>
    </p>

    <p class='ocr_par' dir='ltr' id='par_1_16' title="bbox 151 3852 1240 4156">
     <span class='ocr_line' id='line_1_35' title="bbox 151 3852 1191 3948; baseline -0.005 -27"><span class='ocrx_word' id='word_1_273' title='bbox 151 3876 264 3921; x_wconf 68' lang='lat' dir='ltr'><strong>meros</strong></span> <span class='ocrx_word' id='word_1_274' title='bbox 294 3852 387 3934; x_wconf 87' lang='lat' dir='ltr'><strong>jam</strong></span> <span class='ocrx_word' id='word_1_275' title='bbox 377 3867 468 3920; x_wconf 78' lang='lat' dir='ltr'><strong>inter</strong></span> <span class='ocrx_word' id='word_1_276' title='bbox 482 3856 597 3943; x_wconf 88' lang='lat' dir='ltr'><strong>plures</strong></span> <span class='ocrx_word' id='word_1_277' title='bbox 614 3861 784 3948; x_wconf 87' lang='lat' dir='ltr'><strong>dispiciat,</strong></span> <span class='ocrx_word' id='word_1_278' title='bbox 807 3879 865 3946; x_wconf 82' lang='lat' dir='ltr'><strong>qur</strong></span> <span class='ocrx_word' id='word_1_279' title='bbox 855 3853 1130 3935; x_wconf 85' lang='lat' dir='ltr'><strong>laudabilius,</strong></span> <span class='ocrx_word' id='word_1_280' title='bbox 1119 3873 1191 3937; x_wconf 81' lang='lat' dir='ltr'><strong>Jam</strong></span> 
     </span>
     <span class='ocr_line' id='line_1_36' title="bbox 152 3955 1237 4046; baseline -0.004 -23"><span class='ocrx_word' id='word_1_281' title='bbox 152 3958 211 4045; x_wconf 92' lang='lat' dir='ltr'><strong>qui</strong></span> <span class='ocrx_word' id='word_1_282' title='bbox 219 3955 367 4021; x_wconf 89' lang='lat' dir='ltr'><strong>deterius</strong></span> <span class='ocrx_word' id='word_1_283' title='bbox 379 3960 530 4026; x_wconf 86' lang='lat' dir='ltr'><strong>eamdem</strong></span> <span class='ocrx_word' id='word_1_284' title='bbox 549 3963 775 4028; x_wconf 85' lang='lat' dir='ltr'><strong>remdixerit:</strong></span> <span class='ocrx_word' id='word_1_285' title='bbox 791 3958 893 4024; x_wconf 91' lang='lat' dir='ltr'><strong>modo</strong></span> <span class='ocrx_word' id='word_1_286' title='bbox 907 3957 1084 4046; x_wconf 82' lang='lat' dir='ltr'><strong>expendat,</strong></span> <span class='ocrx_word' id='word_1_287' title='bbox 1101 3975 1190 4042; x_wconf 82' lang='lat' dir='ltr'><strong>quae</strong></span> <span class='ocrx_word' id='word_1_288' title='bbox 1210 3992 1212 3997; x_wconf 95' lang='lat'>·</span> <span class='ocrx_word' id='word_1_289' title='bbox 1234 4009 1237 4014; x_wconf 94' lang='lat'>.</span> 
     </span>
     <span class='ocr_line' id='line_1_37' title="bbox 151 4050 1240 4156; baseline -0.009 -27"><span class='ocrx_word' id='word_1_290' title='bbox 151 4081 266 4129; x_wconf 82' lang='lat' dir='ltr'><strong>caussa</strong></span> <span class='ocrx_word' id='word_1_291' title='bbox 286 4055 405 4156; x_wconf 79' lang='lat' dir='ltr'><strong>eadem</strong></span> <span class='ocrx_word' id='word_1_292' title='bbox 422 4059 554 4139; x_wconf 85' lang='lat' dir='ltr'><strong>dicente</strong></span> <span class='ocrx_word' id='word_1_293' title='bbox 567 4065 603 4131; x_wconf 84' lang='lat' dir='ltr'><strong>in</strong></span> <span class='ocrx_word' id='word_1_294' title='bbox 618 4065 684 4132; x_wconf 84' lang='lat' dir='ltr'><strong>alio</strong></span> <span class='ocrx_word' id='word_1_295' title='bbox 700 4067 744 4132; x_wconf 86' lang='lat' dir='ltr'><strong>sit</strong></span> <span class='ocrx_word' id='word_1_296' title='bbox 755 4062 798 4129; x_wconf 89' lang='lat' dir='ltr'><strong>ad</strong></span> <span class='ocrx_word' id='word_1_297' title='bbox 812 4060 1129 4150; x_wconf 84' lang='lat' dir='ltr'><strong>reprehensionem,</strong></span> <span class='ocrx_word' id='word_1_298' title='bbox 1150 4055 1191 4120; x_wconf 88' lang='lat' dir='ltr'><strong>in</strong></span> <span class='ocrx_word' id='word_1_299' title='bbox 1236 4050 1240 4056; x_wconf 76' lang='grc'><strong>’</strong></span> 
     </span>
    </p>
   </div>
   <div class='ocr_carea' id='block_1_15' title="bbox 0 0 1358 4636">
    <p class='ocr_par' dir='ltr' id='par_1_17' title="bbox 0 0 1358 4636">
     <span class='ocr_line' id='line_1_38' title="bbox 0 0 1358 4636; baseline 0 0"><span class='ocrx_word' id='word_1_300' title='bbox 0 0 1358 4636; x_wconf 95' lang='lat' dir='ltr'><strong> </strong></span> 
     </span>
    </p>
   </div>
  </div>
 </body>
</html>
