2708 4636
98 556 105 564 .
146 505 306 571 ornemus
324 498 424 587 longe
463 491 691 564 utilissimumt
736 494 972 588 Quamobrem
994 478 1198 585 enodatque
1283 512 1291 521 ·

71 634 77 663 z
151 605 194 671 ab
227 603 349 671 illustri
389 597 660 666 doctissimorum
697 600 854 668 virorum
882 622 1037 667 consessu
1066 599 1196 667 isthanc

116 753 121 768 .
151 705 381 799 quaestionem
403 700 539 791 publice
555 699 764 788 propositam
785 704 993 791 legissemus,
1021 703 1115 790 jussit
1135 719 1197 772 nos

62 826 72 841 ⁸
150 810 282 874 animus
307 806 398 872 vires
417 805 455 870 in
480 803 543 868 hac
564 825 604 867 re
624 815 762 884 nostras¹
778 804 927 894 experiri
949 819 1051 895 atque
1066 795 1193 891 videre,

150 935 236 978 num
263 909 353 975 forte
375 895 419 974 en
435 907 493 990 iis,
521 928 607 994 quae
642 908 681 974 in
715 919 874 974 veterum
901 909 1196 999 recentiorumque
1226 918 1230 930 '

89 1009 115 1028 ²
150 1025 330 1080 auctorum
342 1001 482 1076 lectione
493 1009 619 1098 passim
634 1033 654 1076 a
670 1010 764 1077 nobis
783 1020 862 1077 sunt
875 1008 1060 1096 observata,
1081 1014 1194 1080 lucem

134 1116 218 1182 bue
232 1113 378 1199 aliquam
391 1111 524 1178 adferre
535 1114 717 1200 possemus.
754 1112 837 1204 Quo
858 1111 994 1199 quidem
1007 1112 1044 1177 in
1057 1114 1195 1202 negotio
1216 1170 1218 1175 .

118 1213 120 1216 ’
149 1214 437 1307 quemadmodum
461 1215 731 1285 doctissimorum
750 1217 905 1283 virorum
918 1215 1043 1301 judicio
1056 1239 1196 1302 operam
1283 1243 1286 1249 ·

100 1385 108 1395 .
139 1320 280 1391 ,isthanc
301 1329 452 1389 nosram
471 1316 608 1404 probari
635 1319 732 1385 valde
759 1319 942 1407 gloriosum
971 1318 1196 1411 censebimus,

148 1424 198 1490 ita
211 1445 273 1487 nos
285 1419 405 1489 vincia
420 1420 662 1508 praestantiore,
670 1420 856 1488 litterarum
872 1437 988 1501 cauma
999 1423 1055 1490 vel
1067 1419 1210 1510 gaude-1

106 1576 108 1581 2
145 1524 260 1595 bimus
276 1526 331 1591 vel
347 1523 461 1590 animo
479 1534 568 1589 certe
582 1521 733 1612 feremus
745 1525 905 1613 aequiori.
1205 1536 1209 1542 '

233 1628 344 1698 Habet
363 1637 478 1692 autem
498 1626 583 1692 haec
597 1625 744 1711 quaestio
761 1627 844 1692 duas
856 1624 981 1714 partes}
1017 1620 1140 1692 'Altera
1153 1623 1196 1690 de
1254 1636 1258 1648 '

149 1732 242 1800 veris
255 1728 414 1814 falsisque
426 1726 611 1794 luminibus
626 1729 833 1816 eloquentiae
847 1728 919 1796 sive
932 1731 974 1795 de
985 1741 1077 1796 recto
1094 1740 1210 1815 atque·
1311 1726 1313 1731 ’

148 1844 310 1921 perverso
333 1829 403 1914 ejus
424 1829 516 1915 quod
538 1828 574 1896 in
593 1830 687 1919 poesi
702 1831 837 1915 eminet,
859 1830 993 1919 judicio,
1016 1829 1134 1897 adfusa
1149 1842 1207 1894 ex*-

150 1934 372 2018 antiquorum
393 1930 685 2021 recentiorumque
705 1947 882 2023 poetarum
905 1932 1110 2001 carminibus
1129 1940 1208 1996 0113¹

47 2056 49 2060 ’
153 2032 346 2120 emulorum
366 2032 440 2095 luce
469 2031 533 2096 erit
562 2034 817 2123 disputandum:
855 2035 1206 2121 alteraqostendemus'

31 2152 42 2159 ·
154 2128 242 2201 artes
265 2131 356 2212 illas,
377 2129 499 2217 quibus
519 2134 628 2198 omnis
650 2137 687 2201 in
699 2137 764 2203 hoc
777 2161 900 2226 genere
911 2137 1028 2228 judicii
1043 2135 1196 2226 pravitas

152 2237 282 2327 optime
296 2231 410 2299 caveri
424 2255 524 2322 posse
535 2231 699 2304 videatur.

188 2386 201 2408 ,
239 2336 386 2405 Lumina
408 2338 637 2425 eloquentiae,
674 2362 759 2428 quae
780 2338 859 2409 sunt
878 2341 993 2408 eadem
1014 2339 1091 2428 ipsa,
1110 2358 1199 2427 poe·

152 2457 226 2519 ceos
238 2476 290 2493 -··-
311 2462 421 2525 neque
440 2440 533 2521 enim
552 2441 618 2509 boc
632 2462 758 2511 nomen
770 2443 912 2534 formae,
933 2466 1054 2513 verum
1068 2442 1199 2530 generis

56 2545 69 2645 ¹,
152 2544 410 2626 essevolumus,
432 2545 593 2630 quoniam
609 2560 643 2613 et
657 2561 775 2634 poetae
790 2549 953 2638 quaedam
967 2559 1017 2613 est
1031 2548 1198 2632 eloquen-

149 2649 215 2728 tia,
236 2657 270 2712 et
283 2667 366 2719 oum
373 2646 438 2712 hoc
452 2649 554 2715 babet
571 2662 687 2718 orator
698 2675 775 2717 oum
791 2652 881 2718 hano
892 2660 1025 2738 partem
1038 2659 1115 2712 tum
1129 2645 1198 2712 alia

150 2752 249 2841 plura
264 2751 457 2816 communia
479 2788 521 2807 ε-
542 2753 654 2842 itaque
674 2755 808 2821 lumina
822 2749 1031 2841 eloquentiae
1045 2747 1199 2828 dicimus,

150 2849 315 2940 quidquid
338 2873 359 2915 e
378 2855 495 2923 ceteris
515 2855 727 2945 itaqminet,
757 2869 796 2922 ut
809 2848 917 2945 specie
929 2853 1077 2942 quadam
1094 2872 1197 2939 qrae-

112 3024 117 3045 .
151 2958 249 3025 clara,
264 2964 366 3038 atque
387 2953 510 3041 insigni
527 2959 664 3046 legentis
685 2958 838 3025 animum
861 2957 1031 3046 percellat.
1066 2943 1215 3041 -QuareJ

69 3119 75 3148 ,Ι
105 3059 107 3063 ’
151 3078 224 3125 non
248 3054 409 3141 quidquid
429 3057 515 3124 bene
531 3072 689 3146 recteque
703 3074 805 3149 poeta
819 3059 960 3141 dixerit,
976 3054 1067 3125 ‘illud
1079 3057 1203 3125 lumen
1300 3129 1302 3133 ,

122 3158 129 3166 ’
153 3173 219 3243 est,
242 3157 326 3244 quin
341 3155 423 3222 adeo
437 3181 559 3246 magna
572 3156 830 3250 pulchritudinis
846 3184 925 3250 pars
940 3162 1059 3254 abhoc
1074 3176 1216 3249 genero·

152 3271 359 3330 removetur.
402 3259 520 3347 Neque
546 3265 638 3330 enim
659 3267 713 3332 vel
732 3263 891 3350 orationis
917 3264 1082 3350 elegantia
1096 3273 1200 3347 atque

107 3417 110 3429 .
155 3374 335 3442 venustas,
359 3366 685 3448 nequererborum
711 3371 766 3436 vel
792 3367 934 3456 dignitas
965 3366 1024 3431 vel
1051 3364 1201 3455 pondus,1

154 3460 265 3553 ireque
280 3466 381 3529 decus
394 3464 478 3531 illud
491 3488 555 3554 per
578 3459 677 3536 omnis
691 3491 828 3535 carmen
843 3468 1058 3558 aequabiliter
1070 3466 1201 3546 fusum,

156 3591 268 3656 neque
291 3568 365 3656 ipsa
385 3567 588 3663 phantasiae·
605 3571 658 3636 tris
677 3571 734 3659 illa
748 3569 894 3649 sedatior
908 3566 1199 3657 tranquillior-que,

73 3704 77 3710 ·
157 3682 192 3760 et
213 3669 376 3759 quidquid
393 3670 437 3761 ab
457 3673 524 3737 ulla
544 3674 700 3739 carminis
716 3672 863 3739 universi
882 3684 977 3762 parte
1000 3669 1114 3737 abesse
1129 3670 1201 3737 sin'e
1258 3703 1271 3709 -

128 3813 131 3819 ·
156 3772 420 3861 reprehensione
432 3797 502 3840 non
515 3787 637 3865 potest,
651 3776 716 3840 hoc
726 3797 851 3840 nornen
864 3775 1001 3864 recipite
1015 3771 1219 3862 'quodquiv

130 3940 144 3955 x
158 3876 238 3941 dem
248 3876 289 3941 iis
304 3876 443 3964 demum
455 3891 548 3944 recte
561 3877 733 3961 tribuitur,
748 3899 835 3963 quae
847 3877 1034 3962 legentium
1047 3875 1218 3942 animum·
1281 3910 1284 3912 ·

105 4033 131 4055 ,¹
158 3978 196 4045 in
226 4001 261 4043 se
290 3990 415 4064 cogunt
433 3982 592 4074 morari,¹
612 3994 829 4068 mentemque
851 3987 920 4048 non
941 3983 1011 4048 leni
1030 3977 1205 4068 perfusam

157 4079 332 4170 uoluptate.
345 4079 382 4149 in
396 4084 573 4166 majorem⁴
586 4101 667 4162 suae
684 4087 741 4153 vel
758 4082 998 4172 magnitudinis
1012 4082 1066 4162 rel
1080 4077 1208 4169 qualis!
