2708 4636
526 358 843 422 ....,77....

159 507 237 591 riae,
250 506 321 574 sive
334 505 530 575 fabularum
542 514 701 573 veterum
714 503 892 592 diligenter
907 507 1019 595 legere
1025 513 1199 604 reliquias,

155 630 362 695 omnemque
380 609 549 677 Aeneidos
568 607 665 674 velut
679 618 854 675 texturam
866 630 1007 679 suorum
1018 613 1199 688 bominum

153 713 368 810 opinionibus
390 710 561 796 rebusque
586 710 636 775 its
657 707 875 796 distinguere,
896 723 937 778 nt
957 726 1069 787 totum
1081 741 1198 811 popu.
1286 798 1292 805 .

151 816 226 883 lare
246 825 281 880 et
300 806 493 881 Romanum
513 810 577 882 hoe
597 834 736 878 carmen
758 814 932 897 videntur,
964 837 1131 907 nemoque
1153 823 1197 890 ds

154 919 229 1005 ejus
256 915 483 1007 praestantia,
510 913 578 980 nisi
601 915 662 1005 qui
681 915 748 984 hoc
771 925 899 1000 teneat,
933 929 1025 986 recte
1046 923 1198 1010 judicare
1240 909 1245 929 ⁸

150 1020 268 1111 possit.

236 1122 462 1193 Proximsest
477 1121 588 1190 sanie
599 1121 687 1188 muri
702 1120 941 1211 prominentis,
963 1126 1055 1212 quod
1067 1143 1197 1200 anetam
1249 1164 1252 1169 ·

152 1226 358 1293 certantibus
378 1215 510 1295 Aeneas
534 1224 722 1319 constituit,
751 1221 952 1314 descriptio,
980 1229 1102 1315 pulcra
1117 1234 1198 1318 qui-
1295 1282 1298 1289 .

151 1329 231 1394 dem
244 1327 302 1394 ills
316 1338 417 1414 atque
432 1329 582 1413 elegans,
603 1325 716 1415 brevis
731 1334 864 1407 temen,
886 1325 1012 1394 sosine
1026 1328 1120 1398 inani
1137 1349 1211 1408 or-·

150 1443 324 1502 numento.
374 1429 471 1498 Adeo
497 1431 534 1495 in
555 1429 610 1505 his
632 1426 790 1516 omnibus
812 1447 926 1514 neque
948 1427 1073 1499 dicitur
1085 1458 1199 1526 neque

150 1532 353 1599 describitur
374 1533 579 1620 quidquam,
599 1543 736 1623 praeter
757 1552 815 1610 ea,
838 1551 925 1617 quae
947 1532 1072 1621 partim
1085 1537 1198 1609 omitti
1268 1576 1271 1580 ⁴

149 1658 223 1702 non
243 1647 419 1724 poterant,
440 1636 567 1724 partim
593 1633 635 1701 ad
649 1654 724 1697 rem
737 1631 863 1719 ipsam,
886 1643 987 1720 atque
1003 1641 1198 1712 certamini,

147 1740 315 1811 rationem
336 1738 591 1825 intelligendam
611 1735 798 1827 pertinent.
847 1733 965 1824 Neque
983 1736 1071 1806 illud
1092 1765 1213 1837 pras-¹¹

147 1850 294 1921 teneam,
324 1842 415 1928 quod
433 1841 611 1929 Virgilius,
633 1837 693 1904 ubi
714 1836 872 1936 ductores
895 1839 985 1909 inter
1005 1864 1043 1908 se
1058 1847 1196 1918 sortitos
1218 1904 1221 1914 .

147 1938 243 2021 dicit,
266 1963 370 2027 quem
393 1943 555 2028 cujusque
576 1941 804 2008 navislocum
818 1955 1016 2031 occuparet,
1036 1945 1104 2013 hoc
1117 1951 1196 2037 qui..

146 2042 228 2107 dem
249 2041 458 2127 paucissimis
482 2043 547 2109 illis
571 2041 684 2108 verbis
705 2041 805 2106 facit:
836 2040 1020 2111 stremiaco
1034 2063 1126 2131 sorte
1140 2053 1196 2118 lc.
1276 2121 1278 2124 Α

143 2151 244 2233 gunt.
291 2143 394 2208 Poeta
430 2165 520 2208 unus
551 2167 570 2208 c
598 2142 714 2207 multis
738 2141 880 2207 fortasse
908 2144 1012 2210 ctiam
1037 2149 1075 2214 in
1103 2152 1197 2228 hisne
1242 2185 1245 2194 ·

146 2244 288 2311 Homeri
311 2243 447 2330 vestigia
460 2245 523 2311 sibi
535 2240 706 2330 sequenda
725 2239 962 2327 existimasset,
986 2269 1007 2311 a
1024 2271 1091 2336 quo
1104 2254 1194 2321 libro

144 2345 240 2413 Iliad.
264 2346 337 2415 VII·
361 2347 504 2436 hujusce
524 2343 620 2414 modi
640 2345 755 2432 aliqua
773 2342 903 2427 sortitio
924 2346 1082 2436 pluribus
1097 2354 1196 2422 dein·

146 2472 225 2538 ceps
249 2449 402 2516 versibus
421 2445 612 2517 enarratur.
655 2447 905 2524 Nostersvero,
936 2456 1196 2541 quoeratjudi.

145 2551 218 2628 cio,
239 2549 543 2619 innumerabilibus
558 2551 630 2619 eliis
643 2549 726 2616 locis
739 2547 890 2615 imitatus
904 2548 1123 2642 Homernm‚=
1135 2561 1194 2627 in.

144 2652 320 2739 telligebat
337 2675 433 2736 sune,
456 2677 560 2743 quem
578 2654 681 2742 longe
699 2653 767 2719 alia
790 2648 893 2732 hujus
906 2666 1010 2737 esset,
1029 2681 1132 2745 quam
1145 2661 1194 2730 il-
1247 2690 1261 2708 ι

144 2757 231 2838 lius,
254 2754 436 2823 sortitionis
458 2756 557 2823 ratio.
599 2753 699 2838 Apud
719 2754 908 2823 Homerinn
932 2755 1067 2840 quidem
1082 2762 1194 2828 Grae.

146 2881 268 2925 corum
289 2855 492 2923 fortissimus
511 2858 656 2946 quisque
676 2857 767 2921 inter
788 2876 824 2918 se
842 2855 1050 2942 sortiuntur,
1079 2865 1195 2949 ecquis

146 2984 228 3028 cum
239 2960 388 3025 ¹Hectore
401 2960 493 3026 solus
507 2958 757 3047 congrediatur.
778 2955 895 3042 Itaque
912 2957 1007 3043 cujus
1023 2983 1096 3026 sors
1113 2965 1193 3035 exi÷

145 3077 226 3132 tura
255 3073 359 3143 esset,
385 3060 536 3128 maxima
561 3058 704 3125 debebat
728 3079 817 3136 esse,
846 3080 911 3146 pro
931 3057 984 3135 rei
1002 3056 1191 3152 momento,
1252 3143 1255 3147 ‚
1308 3127 1311 3133 ,

145 3169 199 3238 vel
219 3163 445 3257 spectantium
462 3164 517 3231 vel
538 3161 726 3263 legentium
736 3160 954 3279 exspectatio
998 3163 1061 3231 Hic
1075 3178 1219 3259 sutem
1328 3244 1331 3254 Ι

143 3293 227 3339 sanc
248 3291 372 3359 parum
385 3266 572 3352 referebat,
593 3265 696 3351 haec,
718 3287 764 3330 an
777 3266 844 3331 alia
858 3264 954 3332 navis
968 3268 1122 3355 primum
1136 3273 1191 3345 10-

145 3397 226 3440 cum
241 3372 420 3439 obtineret
434 3369 470 3460 *)

231 3477 303 3543 Iam
327 3497 412 3542 vero
441 3495 559 3540 omnes
587 3470 715 3560 ingenii
734 3446 1008 3558 vires-Virgilius
1033 3472 1190 3561 intendit,
1292 3462 1315 3503 Ὗ

146 3599 283 3647 scenam
306 3577 479 3666 aperiens,
501 3574 744 3661 ostendensque
763 3586 798 3641 et
822 3595 924 3642 naves
944 3575 1134 3660 instructas,
1156 3592 1192 3648 et

145 3689 269 3772 nautas
282 3677 516 3746 committendi
534 3676 725 3744 certaminis
736 3676 873 3765 signum
885 3675 998 3745 animo
1012 3701 1052 3745 ac
1065 3703 1192 3772 corpo-

151 3836 360 3859 fl

115 3948 119 3954 ’
179 3936 338 4015 ⁸)Eodem
357 3936 469 4012 iudicio
492 3957 563 3998 ιιιιιι
583 3956 629 4000 est
642 3938 730 4000 etiem
745 3940 806 4018 ipse
820 3944 965 4002 Homeros
977 3941 1060 4002 ntae.
1076 3945 1194 4007 xxm·

144 4079 151 4100 7
214 4048 247 4086 v.
269 4037 330 4095 551.
348 4025 380 4079 in
397 4023 533 4084 ludorum
552 4027 714 4102 curulium,
730 4027 836 4110 quibus
857 4029 984 4090 Aetius
998 4034 1128 4093 resono
1140 4054 1194 4110 ps·

144 4139 183 4190 g
214 4111 554 4189 sustenementum,

819 4197 927 4289 Μ
