2708 4636
513 319 852 426 *dt-²*
952 347 958 361 ·

148 495 358 590 juramento,
379 494 613 576 sidera,.arss,
637 472 830 583 enscs'quos
845 497 998 591 effugent
1013 513 1075 570 cet.
1091 517 1194 577 testu·
1220 476 1223 481 ¹
1263 572 1265 577 ,

148 616 231 684 tur,
257 624 293 666 se
320 596 469 667 immani
488 595 696 668 Graecorum
726 600 923 671 crudelitate
941 607 1071 674 laesum
1092 612 1194 680 nullis
1295 601 1299 610 ’

148 729 254 822 porro
270 701 398 793 patriae
404 688 541 786 legibus
555 700 675 766 teneri.
719 700 859 790 Quanta
874 705 958 773 hacc
973 711 1114 781 videtur
1128 714 1194 781 ho.

147 808 252 875 minis
264 805 398 890 religio!
426 803 456 868 N
459 825 526 869 unc
537 803 606 888 jam
619 803 732 869 sedato
745 806 859 872 animo
872 810 994 896 pergit,
1017 826 1050 879 et
1064 815 1195 883 oratio·
1236 879 1245 893 ,

74 985 78 995 ,
148 935 194 977 no
209 911 420 977 Graecorum
440 904 557 970 odium
577 906 726 994 spirante
741 920 777 973 et
790 908 834 974 ad
853 907 1040 980 fallendum
1061 918 1193 1006 egregie

147 1014 335 1131 composita
347 1031 422 1077 rem
441 1012 577 1074 omnem
592 1009 736 1096 expedit.
762 1011 901 1100 Quanto
918 1016 1099 1102 sapientius
1110 1021 1194 1092 haec

147 1119 264 1184 omnia
291 1111 470 1200 Virgilius,
503 1118 606 1198 quam
626 1111 782 1201 Quintus
807 1109 966 1182 Calaber:
998 1121 1091 1206 cujus
1111 1123 1202 1193 Sino.
1254 1128 1263 1146 '

83 1298 87 1305 ¹
147 1218 346 1288 verberibus
368 1214 528 1309 affectus,
556 1214 925 1304 naribus=aunbusque
948 1220 1109 1305 rescissis,
1133 1227 1196 1293 de-

145 1345 242 1391 mum
265 1319 422 1385 fraudem
447 1315 581 1387 effatur.
638 1318 744 1407 Quasi
766 1317 850 1384 fides
870 1316 1003 1390 homini
1025 1335 1195 1397 tormenta

147 1424 263 1492 omnia
282 1422 397 1500 subire
420 1431 537 1509 parato
560 1420 666 1505 magis
690 1421 843 1488 adhiberi
863 1435 1005 1513 posset,
1021 1448 1123 1512 quam
1152 1431 1196 1514 ci,

108 1519 110 1523 ¹
146 1529 206 1617 qui
222 1528 340 1598 missin
330 1525 412 1603 sed
431 1521 529 1611 probi
543 1518 796 1611 honestique
763 1549 828 1592 vm
841 1527 989 1626 speciem
1003 1551 1066 1614 per
1081 1532 1197 1599 omnia

145 1655 230 1721 prae
245 1653 281 1697 se
295 1630 382 1709 fert,
404 1637 465 1697 aut
480 1646 575 1713 quasr
565 1623 702 1706 illurn,
724 1625 783 1713 qui
794 1627 926 1716 integro
941 1653 1083 1718 corpore
1098 1634 1197 1725 loqui
1299 1698 1302 1705 .

145 1753 215 1801 non
226 1736 319 1811 vult,
341 1732 480 1799 naribus
503 1727 709 1815 auribusque
728 1731 874 1798 rescissis
888 1756 968 1799 vera
984 1734 1095 1801 dicere
1108 1737 1197 1804 velle

145 1837 182 1902 in
194 1860 243 1919 re,
266 1859 352 1923 quac
365 1858 436 1900 non
448 1833 572 1919 judicio
591 1832 652 1897 sed
663 1831 731 1898 fide
746 1847 885 1919 constat,
906 1836 1082 1925 probabile
1095 1837 1248 1915 foret,

87 1952 92 1956 ’
145 1943 266 2024 ltaque
289 1939 345 2004 hic
359 1935 540 2020 Virgilium
559 1945 729 2022 superare
742 1950 901 2025 conatus,
922 1953 1083 2010 naturam
1098 1941 1200 2040 dace-

148 2039 234 2121 ruit,
257 2051 291 2105 et
304 2035 448 2109 consilio
458 2035 603 2125 turpiter
620 2037 758 2107 excidit.

295 2550 298 2557 ,
490 2415 851 2545 ιιιοιιιοιιιιι

104 2592 726 2730 ἰιιιιιιιιιοιιιιιι
778 2611 1179 2744 cummanum

646 2806 693 2842 IN

120 2883 122 2888 ⁸
208 2927 210 2932 ·
266 3029 295 3043 ,,
326 2904 594 3018 tussim
619 2920 1026 3018 sursroarns:
1070 2862 1096 2949 Ῠ

480 3130 486 3139 x
743 3141 744 3145 t

512 3156 513 3159 =
569 3149 777 3167 m

1174 3240 1185 3279 l

149 3319 204 3428 A
226 3366 339 3434 multis
359 3364 439 3432 hino
458 3361 571 3443 annis,
604 3384 682 3430 oum
704 3360 802 3431 nobis
824 3373 909 3428 esset
928 3361 1026 3433 brevi
1046 3367 1200 3484 aliquae
1230 3403 1237 3412 =

151 3494 274 3559 genere
293 3467 512 3556 grammatico
540 3465 766 3555 disputatione
788 3459 871 3532 novi
901 3489 1017 3532 cursus
1043 3470 1199 3583 auspiciis

151 3573 433 3663 praeludendum,
456 3593 531 3637 eam
547 3578 736 3633 constanter
748 3567 821 3635 fere
834 3572 942 3654 legem
956 3547 1156 3651 tenuimus,
1161 3586 1201 3637 ut
1308 3608 1321 3633 ι

152 3672 248 3762 pensi
270 3685 442 3761 postremo
467 3692 603 3758 quoque
624 3693 726 3737 cursu
747 3695 825 3738 cum
843 3671 1016 3760 discipulis
1030 3659 1204 3760 profligati

152 3773 300 3861 aliquam
315 3779 411 3842 velut
423 3776 627 3865 particulam
642 3796 898 3860 exponeremus,
920 3773 1022 3856 unde,
1038 3795 1106 3859 qno
1120 3800 1200 3842 mo-
1196 3850 1208 3861 ‚⁴
1274 3790 1284 3801 ‘

73 3922 78 3931 ·
152 3877 220 3945 do
211 3900 247 3941 111
260 3877 479 3996 scriptoribus
493 3901 571 3945 cum
585 3877 805 3966 exponendis,
822 3889 894 3959 turn
909 3902 933 3943 ι
911 3878 1122 3960 ‘'lustrandis,
1146 3891 1201 3943 at·
1182 3907 1217 3953 -·,
1261 3886 1269 3903 ’

157 4003 225 4068 que
245 3981 359 4054 etiam,
369 3964 492 4075 sicubi
513 4006 567 4048 res
582 3981 687 4064 ferat,
717 3980 936 4070 emendandis
951 4001 1079 4051 versari
1071 3981 1204 4054 solea·
1225 4026 1232 4081 '‚
1327 3966 1329 3971 ¹

155 4108 249 4169 mus,
272 4082 372 4150 certis
391 4106 508 4152 rerum
523 4085 654 4181 indiciis
670 4083 813 4170 judicari
832 4096 954 4175 posset
998 4084 1104 4170 quue
1123 4105 1203 4180 cum
