2708 4636
508 368 597 385 .-
651 332 834 402 15—-

109 571 111 574 ,
143 516 256 583 aetate,
267 503 437 575 maturior
448 502 521 590 ipsa
541 504 728 592 castigavit.
743 508 776 589 *)
817 504 871 571 Ex
884 505 950 594 boc
965 524 1092 590 genere
1104 528 1193 595 quo-

146 634 216 699 que
239 622 288 677 est
309 607 393 675 illud
414 607 588 674 Plutarchi
609 609 646 672 in
665 606 737 672 vita
755 607 940 676 Alexandri
954 610 1081 699 Magni.
1098 630 1101 647 ¹
1124 609 1192 679 Ubi

146 737 225 781 cum
248 711 418 778 retulisset
441 710 569 775 dictum
590 709 727 795 aliquod
743 708 901 797 He'g‘esiae
920 713 1103 800 Magnam,
1130 736 1193 779 nec
1223 784 1227 794 ‚

145 840 222 889 meo
233 802 363 902 judicio
373 811 473 877 valde
487 809 700 898 ingeniosum
715 813 886 896 videlicet,
906 816 1104 893 mirandum
1118 838 1192 881 non

146 944 230 1003 esse,
254 918 435 1009 quod‘qua
457 924 555 978 nocte
572 914 768 982 Alexander
787 929 1002 1001 nasceretur,
1023 906 1207 1008 templum¹

144 1007 276 1092 Dianae
305 1017 472 1108 Ephesiae
504 1017 766 1107 deflagravisset‚
809 1019 902 1108 quod
927 1019 1092 1087 nimirum
1119 1023 1192 1087 Dea

143 1126 249 1192 'domo
263 1124 381 1189 absens
393 1122 431 1187 in
445 1144 485 1187 eo
497 1134 599 1210 partu
613 1122 795 1190 obstetricis
806 1145 951 1189 munere
966 1135 1051 1187 esset
1064 1122 1192 1204 functa,

145 1227 249 1303 addit,
272 1237 407 1292 tannem
420 1224 537 1317 frigus
552 1227 588 1292 in
604 1228 671 1293 lanc
693 1228 867 1295 sententia
882 1225 1005 1306 inesse,
1027 1237 1065 1291 ut
1080 1226 1198 1317 speremx

145 1326 345 1396 incendium
357 1318 570 1419 restinguere
578 1331 760 1418 potuisset.
806 1330 883 1416 Quo
899 1329 1046 1420 ineptius
1070 1323 1191 1418 pueri·

144 1434 278 1520 liusque
292 1431 357 1497 dici
372 1431 458 1498 nihil
468 1442 612 1521 poterat.

228 1537 358 1606 Verum
388 1535 551 1600 addamus
572 1536 664 1600 hisce
688 1536 801 1604 adhuc
821 1539 988 1604 nonnulla
1008 1502 1190 1637 poetarum

146 1642 312 1730 exempla.
354 1636 534 1705 Absurdus
555 1649 605 1702 est
626 1640 719 1727 apud
733 1639 898 1707 Senecam
919 1638 1085 1726 tragicum
1101 1637 1193 1704 Her-

147 1746 236 1812 cules
250 1743 294 1809 ab
308 1741 391 1808 Jove
400 1741 505 1827 recipi
519 1738 557 1805 in
571 1743 705 1808 coelum
720 1743 772 1807 liis
788 1740 899 1807 verbis
913 1742 1106 1830 postulant·

560 1861 652 1946 Quid
667 1877 774 1925 tamen
789 1866 895 1927 nectis
910 1857 1041 1929 moras?

190 1945 361 2029 Numquid
373 1945 547 2006 timemur?
570 1947 753 2030 numquid
742 1951 932 2032 impositum
948 1950 1013 2012 sibi

190 2032 271 2092 Non
285 2029 408 2109 poterit
423 2030 514 2088 Atlas
530 2031 614 2091 ferre
629 2054 702 2091 cum
715 2039 806 2095 coelo
820 2034 1020 2098 Herculem?
1106 2052 1114 2061 ’

149 2129 351 2215 Plumbeum
367 2144 649 2228 veroHerculem‚
659 2149 783 2231 acujus
795 2150 898 2214 unius
909 2153 1195 2238 pondereAtlanti

149 2246 372 2318 metuendum
395 2244 570 2311 videatur!
591 2245 638 2311 At
651 2268 723 2311 non
735 2249 1039 2316 metuitliercules.
1081 2255 1193 2339 Recte,

137 2350 212 2427 „niu
203 2350 319 2461 quod
333 2335 464 2415 metum
476 2360 547 2414 tam
560 2350 697 2415 inan'em
714 2349 769 2414 vel
782 2352 969 2439 suspicatus
982 2347 1133 2422 inlove
1122 2379 1195 2445 ipse

146 2433 298 2524 maxime
311 2462 360 2516 est
373 2449 543 2516 ridiculus
570 2454 625 2518 Da
640 2451 733 2518 enim
748 2454 888 2522 Herculi
903 2456 1054 2547 corporis
1068 2461 1195 2527 molem

70 2619 74 2626 ,
147 2554 367 2648 quantumvis
398 2552 595 2620 immanem
663 2556 837 2641 Quantula
861 2560 945 2625 haec
974 2560 1040 2625 erit
1066 2562 1192 2631 laboris

144 2657 292 2728 accessio
304 2655 366 2738 illi,
387 2655 445 2744 qui
459 2657 580 2724 ceteris
602 2658 760 2725 omnibus
777 2660 978 2727 sustinendis
989 2681 1056 2749 par
1069 2664 1169 2732 furuit
1178 2671 1189 2733 t

147 2765 214 2836 Sed
242 2759 414 2827 nimirum
443 2760 576 2848 pondus
602 2785 673 2829 non
700 2761 867 2849 corporis,
899 2787 1023 2830 verum
1055 2768 1192 2838 virtutis
1298 2820 1301 2826 ,

145 2887 344 2952 rerumque
356 2874 528 2951 gestarum
554 2862 726 2948 intelligit,
769 2865 861 2949 quod
879 2865 934 2929 vel
963 2869 1114 2934 maxime
1142 2884 1192 2939 est

148 2970 346 3037 absurdum.
395 2964 526 3030 Eodem
554 2965 657 3055 plane
676 2963 810 3030 modo
800 2987 838 3028 ιιι
858 2965 1033 3035 eudemio
1055 2971 1190 3061 ineptus

145 3072 215 3141 suit
232 3066 373 3138 Ouidius
387 3068 527 3133 Metam
549 3066 623 3134 Lib.
640 3066 696 3133 lX
718 3068 762 3133 de
777 3054 922 3133 Hercule
935 3068 1010 3135 Dus
1020 3072 1111 3141 dlato
1124 3076 1190 3145 hoc

147 3174 342 3245 referens:
1255 3182 1258 3193 “

193 3290 299 3385 Quem
313 3309 406 3380 pater
418 3292 624 3376 omnipotens
637 3291 723 3352 inter
738 3312 814 3354 cava
828 3291 939 3354 nubila
932 3304 1112 3392 raptum'

135 3410 139 3415 ’
194 3383 397 3469 Quadrijugo
410 3402 506 3440 curru
521 3374 722 3437 radiantibus
734 3378 849 3440 intulit
864 3379 968 3441 astris.

195 3470 301 3532 Sensit
315 3467 407 3527 Atlas
420 3462 558 3549 pondua
817 3482 822 3495 ι

63 3613 64 3616 ’
152 3585 388 3657 ldemLucano
402 3582 534 3664 accidit,
551 3579 608 3668 qui
620 3578 656 3645 in
662 3579 854 3649 Pharsaliae
869 3578 1190 3675 principioGeorgi.

151 3713 221 3756 con
242 3682 426 3769 aemulatus
447 3684 586 3753 initium
604 3704 787 3770 secumque
807 3682 1007 3762 deliberans,
1046 3710 1187 3776 ecquam

183 3932 418 4012 )Quantisilla
368 3931 606 3991 allaelamoribua
624 3925 829 3988 adolescentuli
846 3930 975 3987 diximus
997 3932 1031 3989 de
1042 3934 1186 4010 supplicio

219 4020 445 4099 parricidarum?
474 4040 547 4119 quae
567 4035 745 4095 nequaqnam
768 4017 835 4073 satis
863 4018 1034 4075 deferbuisse
1055 4036 1121 4094 post
1137 4018 1186 4074 ali·

215 4123 323 4184 quanto
336 4105 439 4193 sentire
452 4106 608 4182 caepimus
641 4110 677 4162 Iu
688 4104 809 4196 Oratore
821 4122 880 4181 cap.
891 4108 985 4173 XXX.
