2708 4636
537 333 859 405 ...ng-.-

175 511 449 581 Clnistiannrum
467 505 627 594 opinione
651 506 823 575 imbutum
834 507 963 594 saissa·
985 533 1065 599 qna
1080 516 1232 585 Messian

178 638 262 683 mox
293 610 509 690 adfuturum,
536 622 573 675 et
595 631 674 675 eum
699 609 851 678 hostium
871 615 1070 700 religionis
1099 620 1229 687 inten'tu

176 713 389 808 splendidum
400 710 536 797 aliquod
550 711 588 777 in
599 710 651 777 hie
665 712 763 778 terris
774 737 926 801 reguum
936 720 1166 804 agitaturum
1177 746 1231 789 ex·

176 814 390 908 spectabant,
411 835 490 879 etun
510 812 583 877 aliis
601 814 685 880 locis
710 827 784 881 tum
804 817 991 908 inprimis
1016 844 1041 886 e
1063 825 1093 890 1.
1120 825 1227 893 Thess.

176 917 247 989 JV.
267 914 415 989 15-1a
433 913 514 981 satis
528 917 617 981 clare
630 917 807 985 evincitur.
851 921 892 986 In
907 928 984 1008 quo
999 937 1133 995 tamen
1143 931 1227 997 illum

175 1023 299 1091 salsum
323 1039 394 1085 esse
414 1040 468 1083 res
490 1016 612 1085 docuit
655 1023 835 1087 Praeterea
852 1044 947 1107 quae
968 1025 1046 1113 ipsi
1072 1031 1143 1098 fnit
1160 1056 1223 1099 mm

173 1128 274 1197 Petro
294 1123 335 1188 de
355 1119 568 1191 abstinentia
572 1144 595 1185 a
616 1135 709 1189 certo
723 1123 877 1193 cibotum
891 1148 1033 1212 genere
1048 1135 1222 1217 alternans,

175 1250 289 1305 annon
310 1247 364 1291 res
388 1235 462 1290 erat
480 1222 656 1309 religiosa
684 1222 761 1292 vid.
784 1206 828 1290 ad
852 1224 982 1295 Galus.
1000 1233 1058 1301 II.
1075 1261 1128 1303 υ.
1117 1260 1219 1326 ‚sequ

173 1328 278 1418 Atqui
300 1327 357 1391 hio
375 1324 523 1419 duorum
544 1327 774 1413 apostolorum
788 1328 964 1395 dissensus
992 1337 1175 1423 talnfm't,
1190 1350 1216 1405 ut

172 1450 310 1501 necesse
325 1439 422 1511 esset,
442 1429 644 1495 altemtrum
660 1453 780 1497 eorum
797 1430 882 1497 falti
913 1435 1086 1508 Tandem
1097 1444 1214 1531 quaudo

172 1527 366 1603 Paullus
328 1559 382 1608 την
401 1533 521 1611 nlorw,
539 1530 741 1598 lacobus
701 1562 740 1601 ro
761 1536 837 1619 ἔργα
860 1534 906 1599 sd
935 1541 1092 1609 salutem
1114 1544 1224 1611 valere

173 1633 362 1708 contendit,
384 1654 588 1720 quamquam
603 1634 663 1698 iste
675 1636 841 1702 dissensus
855 1637 1046 1724 religionis
1058 1666 1224 1711 mmmm

171 1739 264 1809 haud
288 1736 449 1821 adtingit,
471 1757 577 1820 quum
600 1759 709 1823 neque
731 1739 867 1804 Paullus
877 1735 1006 1825 fidem
1019 1744 1085 1811 sina
1097 1744 1205 1833 olren‘-
1256 1787 1259 1795 -

91 1908 97 1923 ⁸
172 1843 253 1920 hus,
276 1860 388 1923 neque
407 1837 548 1905 lacobus
568 1838 769 1926 operosius
786 1839 862 1927 fide
886 1844 1127 1926 valer-evellet,
1144 1854 1198 1913 tesi

171 1966 256 2011 men¹
274 1965 314 2005 ea
336 1961 419 2005 vera
436 1950 485 2004 est
502 1941 742 2029 repugnantia,
764 1938 856 2027 quod
870 1942 964 2009 alter
981 1946 1024 2013 in
1034 1946 1109 2031 hae,
1124 1944 1199 2019 alter

169 2048 207 2114 in
221 2045 287 2111 illis
302 2043 496 2111 maximum
505 2042 614 2111 inesse
628 2056 841 2110 momentum
858 2045 1096 2117 existimaret.
1121 2112 1127 2123 ,
1159 2086 1179 2121 u
1204 2102 1208 2109 .

184 2196 188 2201 -
256 2149 347 2215 Haeo
365 2145 469 2233 igitur
490 2143 534 2211 de
544 2145 611 2212 illis
624 2145 870 2236 repugnantiis,
893 2170 991 2234 quae
1007 2150 1220 2241 speetatrd.
1247 2192 1252 2207 .-

167 2278 223 2323 res
243 2249 458 2338 dogmaticas,
480 2249 667 2335 generatim
687 2250 774 2315 duta
785 2259 902 2315 sunto
949 2253 1093 2325 Rerum
1105 2267 1210 2323 antem

167 2357 408 2425 historicarum
423 2350 516 2416 haud
530 2349 696 2418 disnmrhs
712 2365 762 2417 est
775 2351 872 2419 rutro,
909 2352 951 2431 In
968 2355 1030 2425 his
1047 2357 1211 2446 igiturdi-
1249 2396 1255 2413 ι

166 2454 408 2543 stinguemlum
432 2463 481 2517 est
500 2440 594 2518 inter
608 2477 664 2532 aa,
684 2453 802 2541 quibus
814 2452 865 2519 rei
881 2478 1029 2527 summa
1045 2474 1149 2549 atque
1161 2483 1210 2529 sa·

134 2562 142 2573 “
166 2570 227 2647 put
248 2555 457 2631 continetur,
479 2564 514 2617 et
531 2576 586 2618 res
609 2556 802 2639 adjunctas,
824 2579 912 2643 quae
933 2560 1210 2647 περιστάσιμο-

165 2657 373 2723 caritsolent.
424 2657 465 2721 In
483 2655 547 2721 illis
567 2654 658 2720 inter
676 2656 854 2746 scriptores
876 2683 998 2741 veros,
1038 2689 1086 2734 ne
1110 2667 1210 2735 disum

164 2760 316 2843 divinos,
337 2755 689 2845 repugnantiulocum
709 2758 835 2827 habere
854 2762 995 2848 nequit3
1022 2768 1083 2837 his
1105 2782 1209 2843 auum
1239 2758 1243 2769 ⁵

161 2864 286 2932 nullius
296 2859 701 2950 omnmoscnptorrsfides
710 2875 875 2928 censetur
892 2864 1158 2943 MatterXV
1152 2872 1209 2941 III
1199 2920 1219 2939 .
1244 2928 1248 2935 .

160 2969 208 3039 in.
219 2958 336 3049 Marc.
350 2961 456 3032 XVI.
470 2963 503 3028 5.
522 2963 611 3034 Luc.
625 2960 767 3032 XXIV.
779 2963 811 3033 4
840 2964 896 3034 J0.
910 2965 1080 3042 XX.12.
1112 2966 1210 3068 Quod‘
1254 3012 1259 3029 .

160 3094 200 3136 si
179 3069 292 3135 alius
306 3065 510 3154 evangelista
522 3067 697 3133 Christum
711 3079 788 3156 post
804 3067 926 3133 fatam
941 3071 1059 3145 vitam
1075 3079 1207 3154 rediisse
1247 3160 1250 3165 ¹

162 3173 303 3251 (liceret,
324 3168 409 3234 alius
430 3180 590 3253 negaret,
612 3169 696 3235 haee
718 3168 885 3257 ejusmodi
900 3183 1221 3264 repugnantisfw·

158 3285 230 3354 ret,
253 3295 337 3359 quae
355 3271 391 3337 in
410 3271 575 3337 alterutro
594 3296 664 3338 non
683 3273 787 3338 modo
806 3270 1045 3362 divinitatem,
1071 3346 1074 3353 ¹
1081 3286 1145 3353 sed
1158 3284 1208 3353 vel
1248 3328 1254 3335 .

157 3376 335 3444 veritatem
358 3375 510 3440 tolleret:
538 3373 595 3439 sed
616 3376 645 3439 si
670 3386 813 3461 uterque
836 3375 1019 3447 Christum
1041 3389 1218 3464 revixisse,
1250 3444 1253 3451 ,

156 3482 322 3561 dicentes,
344 3477 427 3544 alter
446 3498 571 3557 unum,
594 3476 678 3542 alter
701 3476 789 3543 duos
808 3479 942 3564 angelos
956 3490 1132 3572 sepulcro
1146 3514 1206 3565 ,vr-
1245 3520 1250 3537 ·

32 3660 38 3671 κ
154 3606 218 3650 auo
234 3581 396 3648 adstitisse
411 3589 562 3667 narrant,
578 3578 663 3643 haec
676 3576 850 3645 diversitas
864 3581 1014 3649 minime
1030 3598 1136 3659 tanta
1149 3604 1203 3675 est,
1235 3572 1259 3613 '¹

154 3695 193 3747 ut
207 3686 259 3749 vel
275 3682 373 3748 alteri
387 3678 651 3768 fidesneganda,
674 3679 729 3745 vel
744 3679 785 3745 de
799 3679 838 3746 iis
854 3681 945 3750 inter
958 3708 998 3750 se
1014 3694 1201 3762 concilim.
1254 3724 1259 3735 -

155 3783 206 3847 dis
227 3787 327 3851 anxie
340 3784 563 3851 laborandum
574 3782 735 3853 videatur.
778 3784 833 3865 Ita
843 3803 983 3872 quoque
998 3789 1200 3865 defunctam
1246 3838 1249 3845 .

150 3884 219 3951 vita
241 3887 443 3953 centurionis
469 3885 559 3953 illius
577 3884 685 3952 liliam
709 3884 882 3951 Christum
903 3888 940 3955 in
961 3889 1079 3962 vitam
1100 3921 1200 3966 reru·
1239 3946 1242 3955 ·

150 3996 257 4065 casse,
279 3988 486 4057 Matthaeum
505 3986 633 4076 pariter
648 3996 749 4080 atque.
759 3984 888 4069 Lucum
904 3995 1023 4063 testari
1038 4002 1126 4069 satis
1141 4013 1195 4084 est,
1221 4084 1226 4089 ,
1247 4048 1251 4059 ·

143 4089 331 4185 nequieret
345 4088 416 4175 ejus
429 4090 482 4162 rei
492 4088 574 4161 fide
588 4089 645 4159 vel
656 4089 869 4176 scriptorum,
879 4096 1075 4173 auctoritas
1093 4126 1135 4175 eo,
1146 4104 1194 4172 10⁴
