2708 4636
502 371 618 413 ·‚··-·-
661 336 719 408 132
763 336 860 429 ··=·-'e=¹

163 514 275 591 dibile,
297 525 373 582 tum
396 535 444 589 ex,
458 510 637 629 permultis
651 511 793 581 Homeri
804 508 1003 599 Virgiliique
1015 522 1144 579 constat
1154 512 1210 578 lo-

161 618 227 702 cis,
258 619 350 704 cujus
367 611 503 701 generis
523 613 641 699 aliquis
661 613 808 681 iuferius
827 637 849 680 a
867 637 972 681 versu
993 611 1099 681 555.
1087 637 1132 680 ιιι
1137 613 1211 681 hoo
1310 606 1315 616 ’

127 800 131 812 l
157 718 250 815 ipso
246 720 338 787 libro
355 718 505 805 legitur,
516 717 626 782 multo
649 717 755 806 magis
770 717 874 799 etiam
893 716 1049 810 indigens
1062 739 1210 785 excusa-

132 816 133 819 ¹
157 825 261 897 hone
305 821 372 891 Sed
386 820 561 888 redeamus
575 821 618 886 ad
630 822 855 911 propositum
919 840 922 855 ⁸
1226 822 1227 825 ’

170 1010 177 1019 .
243 926 339 992 Hoc
328 924 435 1012 igitur
450 923 549 1010 Gyae
563 945 642 988 casu
657 935 690 994 et
699 923 823 1010 reliqui
835 922 1027 994 certaminis
1040 927 1127 993 ratic
1139 925 1208 993 alid

156 1042 322 1118 quantum
337 1039 501 1094 mutatur.
534 1027 629 1098 Dum
647 1026 738 1091 enim
753 1026 883 1113 dejecta
897 1026 1055 1101 decursu
1071 1040 1105 1092 et
1119 1051 1208 1094 exu-

155 1143 193 1199 ta
219 1132 380 1214 magistro
414 1127 508 1194 navis
545 1127 754 1214 aliquamdiu
785 1141 957 1214 moratur,
983 1128 1210 1218 ‹sergestum‚·

154 1234 441 1318 Mnestheumque
462 1231 573 1304 adhuc
595 1231 685 1297 inter
708 1254 745 1297 se
766 1233 869 1299 modo
897 1227 1063 1300 certantes
1081 1232 1207 1322 cupido

129 1353 133 1364 ⁴
154 1335 305 1418 invadit,
328 1337 431 1401 etiam
456 1334 570 1452 Gyae,
592 1335 621 1406 si
640 1333 717 1409 fieri
739 1335 864 1452 possit,
886 1335 1077 1425 superandi.
1123 1334 1207 1423 Quo

155 1439 268 1507 studio
284 1451 382 1506 aucta
396 1438 626 1518 contentione,
649 1459 728 1502 cum
740 1438 809 1522 jam
826 1460 861 1502 se
876 1437 1005 1509 victum
1018 1428 1220 1528 propemo-¹

118 1552 120 1557 '
156 1541 240 1617 dum
261 1541 306 1608 ab
319 1543 471 1631 Sergesto
496 1539 740 1607 animadvertit
759 1541 957 1608 Mnestheus
966 1543 1104 1633 ,socios
1120 1542 1208 1629 hor·

152 1656 247 1714 tatur
264 1645 416 1715 oratione
428 1643 528 1716 brevi
542 1644 680 1733 quidem
700 1642 773 1722 illa,
793 1655 833 1717 ut
844 1592 992 1727 decebat,
1014 1644 1072 1723 sed
1085 1641 1208 1734 profe-

151 1759 206 1821 cto
218 1725 506 1836 eloquentissima·
496 1796 507 1830 ,
532 1743 598 1815 de
590 1747 685 1832 cujus
698 1744 861 1835 partibus,
871 1771 976 1840 quae
970 1748 1122 1822 diximus
1137 1766 1201 1818 suo
1311 1840 1314 1847 Ι

152 1862 306 1940 tempore
321 1852 462 1936 singula,
483 1851 585 1926 nimis
605 1852 747 1934 longum
762 1863 824 1934 est,
798 1851 901 1926 thie
914 1864 1077 1942 repetere.
1122 1847 1206 1936 Qua

152 1954 238 2038 quid
254 1953 413 2022 effectum
424 1952 479 2034 sit,
501 1953 675 2043 praeclare
688 1953 810 2022 docent
823 1975 938 2029 versus
954 1964 1145 2042 sequentes,
1165 1950 1204 2028 iu

151 2051 277 2136 ¹quibua
293 2051 393 2123 facile
407 2064 457 2160 est
477 2048 609 2141 surgula
622 2051 811 2133 verborum
827 2056 979 2143 pondera
994 2054 1139 2127 sentiro:

100 2243 103 2251 ⁴
193 2197 239 2234 fe·-
279 2213 323 2233 ·-
365 2214 409 2236 κ-
452 2180 523 2248 0111
544 2181 718 2246 certamine
740 2205 864 2247 summo

167 2265 433 2340 Procumbunt;
457 2265 558 2327 vastis
582 2265 692 2328 tremit
712 2265 847 2326 ictibus
838 2288 942 2329 aerea
957 2265 1093 2351 puppis,

193 2349 468 2434 Subtrahiturque
485 2356 598 2412 solum.
642 2353 727 2412 Tum
745 2350 855 2413 creber
870 2351 1033 2414 anhelitus
1047 2366 1138 2414 artus
1237 2366 1249 2407 “.
1328 2380 1331 2388 ’

190 2434 357 2520 :tr-ideque
373 2454 429 2498 ora
445 2437 567 2522 quatit:
596 2433 696 2498 sudor
710 2434 784 2499 fluit
799 2435 983 2520 undique
958 2437 1068 2499 ravis.

211 2563 292 2630 Post
306 2563 390 2629 haec
405 2564 493 2629 alter
509 2561 665 2649 objicitur
678 2586 788 2645 casus,
811 2575 848 2631 et
866 2586 955 2630 nova
969 2563 1028 2630 ille
1038 2563 1207 2632 varietate

148 2666 381 2754 spectaculum
401 2667 616 2754 distinguens.
658 2668 791 2755 Nempe
813 2665 997 2754 Sergestus,
1019 2666 1103 2734 dum
1116 2655 1213 2733 vinss'

148 2767 247 2834 cendi
261 2765 374 2832 studio
394 2789 514 2836 coecus
532 2781 566 2834 et
580 2768 739 2835 Cleanthi
751 2790 888 2854 sperans
903 2767 1088 2849 fortunam,
1109 2769 1201 2834 inter
1256 2761 1260 2766 ¹

112 2887 120 2895 ’
147 2880 275 2936 metam
291 2870 528 2955 aemulumque
548 2871 665 2937 navim
685 2870 818 2934 medius
831 2868 1039 2950 subvehitur,
1060 2870 1201 2957 impru-

148 2972 233 3036 dens
253 2970 396 3036 incurrit
417 2970 454 3034 in
475 2993 577 3051 saxa,
620 2991 864 3056 remorumque
885 2971 926 3035 in
947 2970 1090 3037 adversa
1111 2993 1201 3059 rupe
1317 3000 1320 3006 ·

148 3070 441 3138 comminutorum
461 3071 600 3138 exuitur
618 3064 817 3139 ministeria·
860 3071 948 3141 Hinc
965 3072 1099 3138 clamor
1110 3075 1200 3155 nau?

147 3186 274 3258 tarum,
290 3184 324 3238 et
333 3195 424 3240 nova
437 3197 546 3240 mora.
577 3176 658 3264 Qua
670 3176 744 3264 ipsa
758 3175 977 3243 confirmatus
989 3174 1201 3257 Mnestheus,
1266 3186 1269 3197 '

147 3290 183 3343 at
196 3302 264 3366 quo
278 3279 381 3368 plura
402 3276 566 3359 obtinuit,
590 3302 630 3344 eo
644 3281 775 3365 majora
786 3273 946 3368 sperans,
966 3275 1053 3344 velis
1074 3274 1201 3342 remis-
1233 3323 1235 3329 -
1321 3325 1323 3328 >

148 3381 422 3466 queritatissimo
446 3403 547 3447 cursu
571 3392 690 3469 aperto
705 3381 794 3448 mari
813 3381 975 3449 defertur.
1019 3379 1096 3474 Non
1107 3378 1201 3470 pati-

147 3493 205 3547 tur
225 3483 291 3551 hoc
313 3484 529 3566 institutum,
549 3483 587 3551 in
602 3484 739 3572 singulis
754 3508 818 3554 nos
832 3484 987 3550 versibus
1006 3481 1199 3563 consistere,

148 3585 350 3673 omniaque,
373 3606 461 3674 quae
473 3586 653 3652 universus
672 3587 740 3653 'iste
750 3589 843 3655 locus
856 3587 959 3671 habet
971 3584 1113 3668 eximia,
1136 3605 1201 3650 ex-

146 3698 264 3760 cutere
286 3688 494 3776 diligentius,
528 3687 701 3760 infinitum
714 3687 717 3691 ’
730 3702 791 3760 est.
843 3693 925 3777 Ejus
946 3701 1080 3770 tamen,
1112 3706 1201 3773 quae
1239 3693 1243 3699 “

145 3789 305 3884 proxime
325 3789 497 3874 sequitur,
527 3793 790 3879 comparationis
813 3795 964 3872 eminens
988 3791 1097 3861 virtus
1116 3812 1200 3876 11102
1222 3787 1223 3790 '
1256 3814 1257 3818 ’

145 3915 222 3964 ram
238 3893 388 3979 aliquam
403 3894 457 3971 vel
478 3895 742 3986 properantibus
753 3892 880 3980 injicit:

190 4039 306 4189 gualis
323 4032 484 4123 spelunca*
499 4045 609 4108 sarbito
633 4059 792 4108 commota
805 4043 965 4124 columba,

224 4125 260 4188 ui
274 4125 388 4191 domus
402 4141 436 4192 et
458 4126 567 4197 dulces
589 4130 752 4196 latebroso
766 4131 803 4193 in
816 4130 945 4217 pumice
963 4126 1048 4219 nidi,
1185 4131 1196 4148 ⁵
