2708 4636
473 272 560 351 ·'···.·
602 253 666 333 ιιι
708 284 813 347 ····..

939 302 951 351 ι

117 426 300 501 traduntur
320 422 474 523 sensibus
493 428 656 518 humanis
674 430 904 519 subustum*
899 449 1003 517 squas
1021 424 1181 525 proinde

13 605 21 618 ,
118 530 274 602 reiocarr
266 535 330 598 ad
346 557 463 599 seusus
484 530 708 622 nonpossint.
733 536 827 617 cujus
849 533 983 618 generis
998 544 1086 596 sunt
1103 533 1179 621 ple-

118 660 227 723 raque
236 635 379 712 omnia'⁹
410 658 496 720 quae
517 636 559 703 de
581 636 684 700 divini
706 637 863 702 Numinis
885 646 1010 701 natura
1035 638 1179 722 ejusque

25 804 30 811 ,
122 738 376 825 operationibus
400 740 570 805 dicuntur.
615 738 665 806 Ad
687 739 750 804 hoc
772 752 885 804 autem
902 736 1181 831 monendumil·

122 840 183 929 lud
202 829 354 919 videtur,
377 841 482 928 magis
499 841 531 904 id
549 844 663 908 valere
683 843 724 908 de
740 840 939 929 explicando
954 850 1058 926 tropo
1075 862 1179 925 quam

19 1000 23 1005 .
126 940 170 1005 de
184 943 400 1024 agnoscendo.
444 945 541 1023 Nam,
563 946 653 1032 quod
668 968 770 1033 supra
782 943 945 1024 diximus,
966 942 1025 1040 illa
1043 942 1182 1009 Ernesti

125 1045 243 1130 regula
260 1042 302 1108 de
323 1058 421 1135 tropo
436 1047 663 1139 agnoscendo,
695 1071 762 1113 nou
786 1047 897 1112 minus
918 1067 1021 1131 quam
1048 1059 1182 1117 ceterae

60 1130 65 1142 ⁶
126 1144 221 1214 baud
244 1146 351 1211 ubivis
372 1149 515 1230 sufficit,
538 1162 638 1236 atque
658 1133 816 1235 etiam'in
841 1148 941 1212 rebus
963 1147 1092 1213 divinis
1116 1171 1181 1213 no-

128 1248 272 1333 strisque
299 1248 449 1315 sensibus
477 1251 654 1323 subtractis
690 1275 790 1342 saepe
817 1264 928 1316 tamen
959 1251 1028 1315 alia
1048 1253 1182 1318 rationu

130 1362 250 1437 tropus
273 1346 479 1439 agnosciturss
534 1355 615 1444 Quo
637 1355 671 1420 in
694 1378 818 1441 genere
839 1355 906 1420 duo
926 1355 1081 1422 maxime
1103 1363 1181 1419 sunt

93 1496 97 1505 ·
132 1453 288 1518 tenenda.
332 1454 486 1531 Primum
501 1458 565 1522 hor.
584 1471 642 1539 est,
664 1470 703 1523 ιιι
720 1458 799 1523 loeo
814 1457 893 1538 itta,
917 1454 959 1523 de
978 1456 1105 1545 quibus
1118 1457 1182 1523 du-

107 1555 258 1622 ¹lutatio
274 1555 418 1638 incidat,
437 1562 625 1650 propriene
641 1586 687 1627 an
703 1562 833 1648 tropice
851 1560 919 1625 sint
933 1559 1187 1653 intelligenda,

134 1654 376 1746 conferamus¹¹
382 1685 461 1727 cum
480 1664 581 1746 aliis,
606 1665 643 1730 in
666 1663 786 1755 quibus
809 1663 850 1729 de
870 1662 996 1728 eudem
1018 1688 1058 1729 re
1072 1684 1178 1731 sermo
1228 1676 1231 1685 '

132 1780 210 1824 csse
234 1760 404 1830 videatur.
447 1764 666 1852 Itaqunmin
685 1765 953 1833 librissacrisV.
975 1770 1016 1832 Τ.
1038 1762 1175 1833 deusdi-

136 1860 227 1929 citur
235 1861 374 1928 fuisse
364 1888 415 1929 rra
437 1879 496 1932 aut
510 1868 725 1957 poenitentia
745 1867 855 1934 aliove
876 1868 1029 1936 humano
1047 1867 1173 1945 adiectu

137 1976 344 2047 commotus,
368 1952 492 2036 aliaN.
511 1972 552 2039 T
573 1973 663 2052 loca,
692 1970 777 2057 quae
798 1971 899 2036 deum
920 1973 1016 2036 omni
1037 1971 1179 2038 humans

137 2062 395 2154 perturbatione
417 2085 519 2159 atquc
534 2071 763 2139 imbecillitate
785 2099 924 2166 prorsus
937 2075 1104 2154 liberant,
1123 2092 1186 2135 no-

93 2262 104 2283 ,
137 2162 204 2230 bis
212 2168 290 2235 satis
310 2171 575 2263 persuadebunt,
598 2198 708 2262 nsque
727 2177 784 2245 illa
806 2201 875 2243 esse
897 2177 1038 2265 proprie
1063 2171 1188 2240 intelli-

138 2257 256 2355 gendo.
300 2274 455 2345 Alterum
468 2279 534 2346 hoc
548 2291 615 2351 est
636 2292 744 2369 uteo,
769 2305 856 2370 quae
872 2276 1189 2347 revocartadsen

140 2364 199 2435 s'us'
225 2398 293 2440 non
307 2386 470 2466 possunt,
506 2404 706 2448 revocemus
730 2380 779 2447 ud
800 2385 982 2450 rationem.
1038 2373 1187 2468 Quod'
1163 2397 1191 2441 si

140 2472 233 2537 enim
251 2497 335 2559 quae
350 2480 494 2569 proprie
503 2481 671 2551 intellecta
688 2485 769 2551 huic
784 2486 1016 2564 adversantur,
1039 2479 1192 2550 manife-

140 2583 234 2643 stum
257 2577 297 2644 fit
314 2582 495 2669 mdiorum
516 2589 645 2677 tropice
666 2613 736 2654 esse
753 2588 977 2675 intelligenda
1023 2584 1073 2651 Ut
1086 2603 1193 2669 quum

139 2674 301 2744 Christus
321 2674 408 2763 Luc.
431 2687 561 2772 XXII,
588 2691 637 2758 18.
659 2690 829 2779 discipulis
858 2689 1041 2806 significat,
1073 2683 1195 2753 sculi

143 2778 345 2873 quand0,‘'
307 2815 361 2852 ιαι
374 2818 392 2869 η
387 2782 553 2875 ’βασιλεία
565 2819 619 2865 τοι
612 2797 714 2865 θεοῦ
726 2794 813 2887 ἔλθη,
835 2795 952 2861 vinum
968 2813 1034 2853 nov
1039 2811 1100 2853 um
1114 2808 1194 2852 cum

142 2875 185 2944 iis
199 2864 397 3004 bibiturum,
420 2907 479 2978 aut
484 2919 603 2983 quum
621 2900 784 2965 codemr
804 2896 853 2963 50.
872 2895 988 2961 iisdem
1005 2892 1197 2979 p0llloel¹ffr

38 3048 40 3053 .
77 3018 80 3027 ·
142 2979 221 3051 fore
234 3000 273 3058 ιιι
288 2989 325 3055 in
338 3016 464 3083 regno
457 3000 627 3067 coelorum
644 3025 705 3089 sup
719 3001 874 3067 convictu
894 2997 1065 3076 fruantur,
1090 3006 1196 3081 utque

144 3077 286 3152 thronis
292 3093 473 3183 insideant,
495 3102 673 3171 duodecim
688 3096 851 3168 tribubus
865 3081 1022 3169 lusistis·
1012 3123 1067 3183 Jns
1085 3097 1199 3162 dictu·

46 3208 64 3232 “
143 3204 189 3264 Π,
212 3210 273 3254 VlX
288 3196 465 3286 quisquam
481 3216 551 3271 tam
575 3204 709 3295 ineptus
725 3205 779 3284 sit,
803 3203 888 3267 utin
904 3198 956 3265 his
971 3215 1111 3288 tropum
1127 3221 1198 3267 nott

142 3287 258 3356 s'latirn
273 3316 448 3383 agnoscat..
484 3307 688 3396 Quanquam
705 3309 794 3374 enim
813 3318 847 3368 ct
859 3325 976 3389 seusus
991 3316 1142 3382 nostros,
1166 3312 1200 3368 es

7 3479 21 3494 ι
144 3386 231 3457 verd
253 3397 354 3468 etiam
383 3407 548 3475 rationem
572 3408 677 3495 fugiat
692 3398 866 3475 felicitatis
884 3400 1065 3492 posthanc
1088 3405 1199 3472 vitam

142 3489 284 3567 futurae
307 3506 409 3590 ratio,
438 3523 553 3578 tamen
574 3511 656 3578 illud
676 3511 767 3577 satis
772 3520 865 3614 certo
887 3507 1126 3593 intelligimus,
1159 3502 1211 3597 ea·

144 3598 261 3676 rerba·
285 3606 315 3670 si
335 3631 442 3697 propr
443 3634 475 3675 re
490 3612 715 3704 accipiantur,
737 3610 872 3695 sensum
862 3605 1069 3690 exhihere,
1095 3602 1214 3698 quem]

78 3748 88 3769 .
144 3712 240 3766 recta
254 3708 338 3772 ratio
352 3730 414 3798 pro
431 3735 514 3779 vero
529 3717 625 3781 nullo
642 3716 744 3784 modo
762 3721 925 3801 agnoscat.
970 3714 1008 3778 ln
1028 3710 1201 3801 ejusmodi

61 3842 65 3854 .
144 3819 230 3866 vero
244 3807 337 3884 locis,
358 3811 418 3876 ubi
434 3835 478 3878 no
494 3815 557 3885 hac
573 3819 710 3903 quidem
730 3821 860 3884 ratione
875 3840 929 3880 res
945 3817 1023 3879 salis
1042 3813 1203 3905 expediri

51 3971 58 3977 .
142 3903 267 4001 Ρβθδιῐ)
300 3925 448 3999 praestat
455 3910 511 3985 ab
538 3921 632 3987 omni
656 3922 784 4008 judicio
805 3918 972 4010 abstinere
994 3943 1138 4006 remque
1164 3920 1204 3987 iu

72 4031 75 4037 ’
141 4008 260 4115 medio
273 4014 485 4108 relinquor03
506 4033 566 4135 aut
577 4022 608 4093 si
623 4027 835 4116 conjecturas
846 4000 966 4095 locum
980 4023 1114 4109 demus,
1135 4023 1213 4093 hos
