2708 4636
530 322 617 373 m·
645 312 722 403 '293
762 297 855 367 -ιῖ

164 469 278 575 {tinga
306 481 394 554 neue
416 483 601 560 Harmonia
625 462 693 582 der
713 484 786 556 vier
809 473 1057 572 Evangelisten.
1100 485 1198 567 Halia
1228 509 1229 513 ¹

165 591 309 677 5ν1767·“

216 794 218 800 ’
248 795 503 883 Repugnantiac
517 704 772 882 specieseriistit
788 795 823 862 in
840 795 921 881 locis
933 798 985 862 vel
1000 791 1195 883 dogmaticis

162 900 219 964 vel
241 897 417 962 historicis.
462 897 648 986 Scriptores
669 908 782 962 autem
804 920 955 986 pugnare
968 897 1126 966 videntur
1141 896 1198 961 vei

162 1024 241 1067 cum
264 1009 372 1074 semet
391 998 492 1085 ipsis,·
511 999 566 1064 vel
578 995 742 1064 cum‘aliis
756 1001 811 1065 vel
826 1000 947 1065 veteris
963 999 1016 1061 vel
1030 1001 1110 1065 novi
1124 1001 1197 1066 To·-

159 1101 317 1167 stamcnti
334 1100 567 1191 scriptoribus.
610 1103 711 1175 Recte
730 1114 845 1166 autem
866 1097 1069 1168 Ammonius
1093 1101 1195 1180 addit,

157 1205 332 1269 ‘interdum
359 1203 460 1268 etiam
480 1225 630 1290 pugnam
655 1201 764 1266 videri
782 1205 962 1293 scriptores
983 1225 1093 1268 saeros
1115 1224 1195 1270 cum

161 1306 323 1392 profanis.
359 1306 509 1375 'Verum‘
527 1306 593 1370 hoc
617 1322 725 1390 genus·
747 1305 987 1392 repugnantiae
1013 1305 1197 1372 Ernestum

155 1409 235 1477 ideo
259 1407 409 1472 <inrisisse
429 1418 529 1492 puto,
552 1408 641 1492 quod
657 1405 699 1469 ab
713 1405 776 1470 hac
788 1394 884 1494 parte
897 1405 1196 1473 minimeconten-

158 1496 507 1576 dendosexistiniaret
522 1507 702 1596 scriptores
716 1508 845 1574 divinos
856 1531 933 1573 cnm
948 1497 1116 1576 humanis.
1140 1508 1195 1590 Sip
1261 1536 1262 1542 ¹
1310 1531 1313 1536 ·

153 1612 271 1694 enim,
293 1612 329 1675 ni
345 1596 461 1690 tallor,
484 1609 671 1694 judicabats
693 1607 730 1674 Si
747 1596 881 1694 quando
899 1632 1013 1698 pugna
1029 1609 1117 1675 inter
1132 1610 1194 1683 hos
1235 1610 1238 1619 '
1279 1655 1285 1667 1

154 1715 351 1792 *exsisteretf
367 1712 452 1777 nihil
472 1715 584 1778 valere
598 1722 808 1783 caeterorum
819 1714 1020 1778 eonsensum
1033 1713 1194 1779 adversus
1238 1774 1247 1797 x

153 1813 322 1879 'librorum
342 1813 544 1880 divinorum
566 1815 810 1881 auctoritatem.
855 1815 956 1904 Quod
972 1829 1010 1881 ut
1025 1816 1104 1882 satis
1124 1815 1216 1880 oire'
1282 1821 1285 1827 ’

155 1927 360 2001 cumspeote·
372 1916 519 1995 dicatur,
540 1920 762 1992 vehementer
785 1938 917 1981 vereor.
937 1933 940 1937 ’
960 1918 1029 1984 Aut
1041 1920 1134 1984 enim
1148 1918 1195 1983 li-

155 2016 300 2080 brorum
322 2023 496 2080 sacrorum
521 2017 679 2082 divinitas
700 2019 829 2104 partim
848 2019 910 2082 hoc
928 2018 1002 2106 ipso
1024 2031 1193 2097 censetur,

157 2130 199 2182 ut
217 2116 253 2180 in
282 2112 382 2180 rebu's
401 2117 563 2180 historice
581 2119 680 2182 certis
702 2140 741 2182 ac
760 2119 983 2200 confirmatis,
1013 2118 1092 2204 ipsis
1115 2141 1194 2183 cum

157 2204 377 2304 scriptoribus
396 2215 465 2282 fide
488 2217 594 2304 dignis
612 2219 812 2295 conveniat,
834 2229 892 2280 aut
907 2217 979 2281 sine
992 2219 1057 2281 hoc
1069 2219 1192 2303 judicio

159 2343 202 2384 ex
216 2321 288 2385 aliis
301 2321 402 2384 rebus
419 2330 572 2385 constare
584 2331 702 2408 potest.
732 2318 835 2408 Quod
848 2317 873 2381 si
889 2340 1023 2383 necesse
1036 2331 1085 2382 est
1099 2318 1192 2397 libris

157 2421 280 2511 divinis
292 2421 329 2487 in
346 2420 449 2486 rebus
461 2419 627 2488 historicis
642 2446 721 2488 oum
732 2421 870 2486 caeteris
881 2419 1096 2509 scriptoribus
1112 2442 1195 2486 con,-

155 2524 295 2604 venirc3
318 2523 482 2593 nimirum
506 2526 615 2589 omnis
630 2525 775 2589 tollenda
790 2534 840 2588 est
856 2525 981 2611 speeies
995 2544 1194 2610 repugnans
1289 2547 1302 2610 j

153 2631 240 2706 tiae,
266 2617 370 2710 ⁴atqua
390 2624 505 2689 divina
527 2649 604 2692 cum
627 2626 786 2693 humanis
805 2626 847 2690 ad
867 2642 1064 2691 consensum
1087 2648 1193 2690 revo-
1245 2619 1272 2639 ”
1315 2614 1325 2639 ’

155 2730 275 2794 canda.
319 2726 364 2793 At
387 2728 414 2790 si
426 2727 522 2792 libris
536 2730 636 2799 sactis
651 2730 688 2792 in
704 2749 838 2792 summo
855 2749 932 2790 oum
950 2726 1105 2791 humanis
1121 2728 1199 2792 diss--

155 2851 257 2897 sensu
277 2828 434 2893 divinitas
454 2841 569 2894 tamen
581 2840 736 2895 constare
748 2838 872 2912 potest,
895 2827 943 2890 itti
959 2828 1015 2911 qui
1032 2827 1118 2891 hanc
1137 2827 1192 2890 di.-

153 2931 334 2999 vinitatem
358 2930 483 2993 erroris
506 2931 614 2994 omnis
630 2937 806 3016 expertem
820 2948 888 2990 esse
902 2927 1125 3010 contendunt,
1146 2927 1194 2998 sio

144 3043 323 3112 ¹statuant,
351 3052 483 3096 necesse
503 3041 570 3111 cst,
591 3030 628 3093 in
649 3028 743 3093 omni
761 3029 911 3092 dissensu
929 3028 1105 3095 historiam
1121 3050 1215 3122 essex

155 3138 199 3201 ad
213 3136 375 3200 librorum
388 3153 558 3203 sacrorum
573 3143 807 3216 argumentum
822 3130 1115 3214 conformandam,
1136 3145 1191 3198 at-

155 3260 225 3324 qua
238 3236 481 3323 refingendam‚
501 3235 537 3300 id
554 3235 644 3319 quod
661 3256 770 3320 nequa
784 3234 912 3305 doctior
925 3233 1112 3319 quaquam,
1126 3258 1192 3299 ne«

140 3360 223 3421 nne
238 3340 327 3424 ipse,
350 3339 490 3426 opinor,
514 3337 915 3424 Ernestusprobaveria·
943 3338 992 3407 Ita
1004 3358 1139 3422 quoquo
1154 3360 1190 3401 se

156 3437 208 3502 ilii
223 3451 377 3521 vertant,
398 3440 434 3504 in
448 3461 595 3541 spmmas
606 3438 773 3524 angustias
788 3463 857 3505 sese
873 3441 1021 3506 redactos
1034 3439 1191 3505 sentient.

110 3574 114 3579 ’
159 3537 234 3624 Qui.
257 3562 339 3608 vero
362 3542 529 3608 librorum
555 3551 724 3621 semorum
745 3541 956 3608 divinitatem
971 3541 1090 3604 iisdem
1113 3541 1192 3623 qui*
1232 3619 1235 3623 ⁴

154 3641 221 3706 bus
244 3664 304 3704 nos
324 3643 447 3708 finibus
466 3641 762 3725 circumscribunt,
784 3644 834 3711 illi
858 3645 899 3709 do
913 3641 1107 3727 hujusmodi
1121 3641 1192 3708 diss-

155 3763 258 3808 sensu
274 3745 485 3830 expediendo
502 3752 572 3810 non
584 3766 789 3834 magnopere
803 3748 1017 3833 laborabunt.
1164 3778 1177 3801 »ι
1263 3746 1272 3780 ⁸

142 3894 144 3899 ,
242 3843 415 3910 interdum
435 3859 550 3913 autem
566 3846 745 3934 scrIptores
757 3870 870 3916 sacros
886 3874 907 3915 a
920 3844 1193 3939 profanosdissi-
1285 3896 1288 3903 .

159 3945 252 4022 dere,
276 3945 430 4033 pluribus
444 3951 608 4040 exemplis
625 3948 859 4021 confirmatur.
902 3950 1100 4017 Ammonius
1114 3948 1195 4033 qui-

140 4050 241 4153 nem
257 4050 395 4129 ,Lucam
411 4049 542 4138 laudat,
565 4054 632 4151 qai.
643 4054 729 4154 [Iit.
746 4076 842 4150 sequ.
871 4055 1008 4150 Ἐγένετο
1029 4059 1060 4122 δὲ
1080 4059 1112 4123 ἐν
1126 4053 1195 4134 ταῖς
1267 4060 1289 4089 ··
