2708 4636
89 1183 90 1186 η
182 1082 380 1199 Votorum
406 1126 714 1233 recentiorumque
750 1135 869 1216 poetas
901 1121 1060 1194 maxime
1090 1130 1238 1202 illustres

177 1236 279 1356 apud
315 1233 467 1299 animum
500 1217 753 1296 recensentrbus
786 1229 903 1296 multis
936 1213 1091 1298 mirabile
1120 1233 1235 1303 forsan

101 1407 107 1413 ,
183 1334 357 1416 videatur,
394 1332 525 1423 quod
515 1355 552 1397 ιιι
572 1331 667 1396 omni
690 1333 816 1419 populo
838 1344 941 1419 atque
964 1344 1083 1400 aetate
1094 1347 1165 1404 tam
1188 1339 1235 1404 sit
1285 1318 1289 1334 ⁸

121 1485 123 1490 -
180 1441 311 1510 'eximia
330 1460 449 1504 eorum
472 1435 641 1524 paucitas,
664 1432 830 1518 inquibus
847 1457 917 1499 non
934 1437 1006 1502 sani
1020 1439 1235 1537 incorrupti·

183 1567 249 1633 quc
276 1542 427 1630 judicii
409 1539 461 1604 vis
483 1536 671 1626 plurimum
691 1534 909 1602 desideretur.
957 1537 1046 1605 Nam
1070 1551 1111 1620 ut
1131 1543 1235 1634 omit-

182 1660 251 1715 tam
265 1647 353 1726 illos,
362 1665 422 1730 qur
413 1637 674 1726 vergentibus
663 1658 732 1722 jam
745 1632 813 1701 ad
803 1639 978 1705 interitum
994 1641 1124 1725 litteris,
1133 1666 1233 1710 com·-
1254 1648 1256 1655 '

180 1751 278 1817 muni
298 1744 460 1835 temporis
478 1743 529 1808 sui
542 1739 641 1806 ruina
659 1749 739 1803 sunt
754 1739 900 1829 collapsi,
923 1744 981 1808 vel
996 1746 1126 1832 optima·
1140 1769 1230 1834 qua·

180 1852 230 1918 vis
252 1861 360 1915 aetate
382 1845 481 1913 multi
500 1843 638 1930 ingenio
652 1821 866 1930 praestantes,
881 1855 916 1908 et
928 1845 971 1910 ad
985 1846 1127 1932 gloriam
1142 1850 1235 1916 varis
1301 1862 1305 1870 '

169 1951 311 2016 'artibus
330 1962 490 2032 rectaque
512 1947 569 2011 via
581 1957 749 2032 quantum
765 1958 921 2033 poterant
935 1946 1017 2028 nixi,
1038 1950 1235 2038 saepissimo

184 2061 299 2116 tamen
317 2047 507 2114 aberrantes
529 2047 571 2112 ab
594 2058 700 2112 semet
722 2048 804 2134 ipsis
818 2051 917 2114 uelut
930 2050 1152 2130 desciverunt,
1173 2065 1232 2119 at·-
1278 2114 1280 2121 s

69 2223 74 2229 ,
183 2174 251 2240 que
263 2137 385 2214 adfinia
396 2149 533 2236 singulis
543 2148 721 2225 virtutibus
734 2150 816 2213 vitia
828 2163 1011 2238 captantes,
1019 2176 1083 2240 pro
1095 2154 1234 2241 magni·

179 2254 300 2319 tudine
327 2262 517 2333 tumorem,
551 2272 615 2338 pro
644 2250 801 2315 acumine
835 2252 992 2339 putidum
1019 2259 1233 2341 argutiarum

98 2402 101 2409 ·
178 2354 304 2442 frigus,
326 2377 388 2442 pro
415 2352 510 2442 copia
538 2350 734 2438 divitiisque
762 2352 907 2419 inertem
937 2355 1107 2440 quandam
1126 2356 1232 2423 Ιιιιιιι..ι

177 2458 262 2524 riem
285 2469 365 2523 sunt
389 2456 512 2539 scruti,
555 2455 698 2545 perinde
728 2455 824 2541 quasi
850 2457 959 2520 multo
990 2456 1123 2524 facilior
1145 2470 1233 2526 esset

72 2566 74 2571 ’
104 2582 107 2593 ’
179 2583 294 2632 rerum
313 2562 562 2650 praeclararum
579 2555 731 2635 inventio
747 2579 847 2642 quam
863 2555 1012 2624 dilectus.
1042 2557 1123 2646 Ejus
1137 2563 1232 2629 cala.

119 2699 120 2702 *
174 2664 302 2731 unitatis
340 2687 470 2730 caussas
503 2682 562 2748 ego
590 2654 627 2724 in
657 2659 794 2742 singulis
817 2661 935 2747 plures
951 2675 1053 2747 atque
1067 2663 1261 2746 diversasf

174 2768 377 2856 plerumque
389 2775 516 2854 ¹autem
539 2780 736 2823 communes
757 2781 826 2824 esse
851 2760 1064 2846 potissimum
1080 2767 1229 2834 arbitror

174 2877 362 2956 sequentes.
385 2862 521 2930 Scilicet
536 2858 659 2945 id,quo
673 2870 772 2944 poeta
787 2860 973 2946 plurimum
987 2870 1086 2949 valet,
1096 2868 1167 2936 vim
1182 2872 1229 2938 il·

175 2969 328 3039 lamdioo
336 2966 411 3032 visa
424 2985 540 3029 rerum
551 2971 652 3045 atque
664 2958 825 3043 imagines
840 2963 1046 3056 concipiendi
1061 2977 1228 3052 majoram
1305 2987 1311 2995 “

156 3120 159 3126 ·
182 3086 285 3161 atque
306 3067 595 3135 vehementiorem
618 3081 720 3145 quam
742 3061 780 3127 in
801 3064 968 3183 plerisque
986 3071 1132 3155 obtinet,
1154 3076 1227 3140 sivo

143 3239 159 3249 Ι,
174 3169 429 3266 phantasiam
403 3193 476 3236 sive
488 3186 689 3255 quocunque
702 3164 767 3231 alio
780 3169 918 3234 nomino
932 3176 1103 3268 appellare
1124 3176 1227 3257 lubet,
1254 3171 1256 3175 ’

176 3301 215 3352 ea
235 3278 278 3363 igi
281 3288 338 3341 tur
355 3297 433 3340 cum
449 3269 530 3336 certi
556 3266 705 3356 acrisque
724 3269 839 3354 judicii
859 3271 1070 3341 subtilitate
1060 3302 1096 3344 ιιι
1112 3277 1227 3366 paucis

177 3377 327 3445 omnino
340 3374 534 3442 hominibus
564 3383 614 3437 est
636 3375 827 3460 conjuncta.
852 3373 945 3441 Non
966 3379 1157 3466 equidcpn'
1145 3391 1226 3444 ratas

144 3535 146 3537 .
173 3505 245 3556 res.
267 3481 358 3545 velut
380 3472 468 3566 quoe
490 3488 612 3541 natura
636 3486 714 3551 sunt
735 3479 919 3561 contraria,
955 3478 998 3543 ab
1020 3480 1226 3549 seinvicem
1313 3544 1317 3559 ,

175 3585 374 3664 abhorrere,
397 3593 499 3668 atque
515 3600 618 3644 omna
633 3577 671 3645 in
687 3600 758 3644 uno
771 3577 909 3647 homine
923 3581 1016 3666 quasi
1040 3584 1225 3650 contuber-

174 3686 272 3752 nium
285 3694 439 3766 recusare
453 3671 735 3749 existimaverimr
766 3698 847 3748 nam
863 3695 896 3746 et
907 3705 1058 3750 summos
1072 3684 1223 3774 philoso-

105 3865 108 3871 ,
168 3790 262 3879 phos
288 3788 462 3877 phantasia
484 3786 667 3875 plurimum
683 3785 823 3853 valuisse
838 3798 978 3866 constat,
1000 3787 1092 3853 velut
1105 3789 1222 3856 Plato*

174 3894 371 3978 amatque
385 3879 600 4006 Leibnitium,
621 3891 659 3956 in
684 3888 809 3974 ιιιιιιιιι
820 3903 934 3956 autern
949 3890 1055 3978 poetis
1072 3891 1221 3963 Homero

172 3993 381 4080 Virgtttoque
401 4019 469 4062 non
492 3993 598 4080 magis
617 3993 805 4111 ingenium,
828 4017 930 4082 quam
946 3995 1085 4061 rationis
1102 3998 1220 4062 lumen

172 4109 276 4186 atquo
299 4095 417 4192 iudicii
451 4099 526 4169 vim
556 4097 779 4188 quamdam'
767 4119 969 4170 immensam
997 4097 1217 4172 admiramur.

943 4199 1007 4269 Aa

1299 3377 1304 3408 l
