2708 4636
168 506 220 573 s'd
240 441 564 583 liemteei'ceirse·
585 494 643 561 De
668 516 776 583 regno
796 493 931 561 christi
951 490 990 560 in
1010 477 1070 559 NJ
1088 493 1135 560 T.
1150 494 1221 586 jor·
1298 582 1304 597 ι

172 607 281 674 mactis
291 607 433 689 βασιλεία
447 603 546 674 θεοῦ,
566 603 706 681 βασιλεία
721 598 782 662 niv
794 597 952 684 stipatur,
976 604 1134 680 βασιλεία
1149 609 1217 685 Χρι-

171 711 252 778 mr
273 727 450 794 expresso,
474 705 622 787 itemque
646 720 809 764 excursus
824 701 881 766 llL
902 702 939 764 in
952 701 1023 788 Ep.
1050 700 1101 764 ud
1112 700 1219 787 lepis·
1293 734 1296 741 ·

169 813 245 879 ‘sios
271 810 328 876 De
352 807 534 895 prophetis
561 804 652 868 inter
678 803 813 889 primos
843 801 1086 867 curtinum.
1124 805 1218 869 llosce

170 912 279 1000 igitur
296 932 453 976 excursus
470 914 614 994 legentes
628 903 819 969 meditando
833 902 876 965 de
889 905 955 968 boc
970 924 1109 988 genere
1123 906 1217 971 iuter·

169 1013 373 1113 pretatiouis
391 1031 528 1077 sensum
543 1007 669 1098 optime
683 1008 809 1073 tironos
821 1004 1081 1079 informabunt.
1183 1034 1186 1039 ·

643 1197 675 1282 §-
703 1217 749 1276 ¹⁷·

171 1336 179 1347 '
222 1310 225 1316 ¹
261 1324 302 1390 ln
327 1313 631 1386 commemorandis
656 1326 759 1401 etque
779 1313 972 1381 refutandis
999 1316 1150 1382 aliorum
1169 1315 1216 1381 in·

51 1450 56 1455 ·
173 1438 369 1519 ter-protum
381 1420 550 1486 sententiis
567 1417 687 1485 modus
700 1429 749 1482 est
760 1418 820 1482 ille
832 1416 1021 1499 tenendus,
1045 1439 1147 1503 quem
1158 1418 1215 1483 Er·

73 1595 77 1603 ,
169 1540 296 1596 ‘nectus
326 1523 507 1614 praecipit:
542 1532 582 1586 ut
608 1544 679 1585 non
703 1521 766 1586 nisi
786 1519 864 1584 illae
887 1519 1111 1602 adferantur,
1138 1541 1213 1610 quac

117 1699 125 1709 ,
167 1630 340 1719 ‘aliquam
355 1628 506 1714 speeiem
524 1623 688 1704 babeant,
710 1624 742 1688 id
758 1635 809 1688 est
823 1624 919 1700 tales,
930 1646 1028 1710 quse
1040 1620 1212 1688 rationibus

169 1733 298 1799 'saltem
312 1726 541 1816 probabilibus
553 1727 679 1814 possint
692 1723 835 1789 firmari.
866 1726 941 1791 llae
954 1726 1065 1814 igitur
1075 1747 1140 1790 111111
1150 1721 1206 1785 ad-

169 1832 339 1900 tuendae
360 1841 452 1907 sunt,
475 1839 549 1893 tum
574 1827 675 1889 etiam
694 1813 1006 1912 ponderandae'ac
1029 1822 1205 1892 refutandae

176 1930 357 2018 interpreti
377 1950 433 2006 eo,
456 1928 548 2012 quod
568 1949 692 1991 verum
711 1926 782 1991 non
806 1927 886 1992 satis
908 1929 1104 1995 stabilitum
1115 1923 1211 1992 rideri

64 2033 68 2039 ’
171 2045 301 2124 potest,
315 2031 379 2096 nisi
391 2028 474 2095 falsa
487 2029 561 2093 veri
575 2030 721 2117 speciem
735 2030 895 2095 habentia
909 2034 1143 2099 excutiantur.
1162 2027 1214 2095 Sin

169 2149 307 2215 uorem,
319 2132 411 2220 quod
419 2135 457 2197 in
471 2133 551 2198 locis
565 2132 715 2198 obscuris
727 2131 799 2197 lieri
809 2132 905 2210 solet,
917 2131 1014 2197 inter
1026 2136 1141 2223 plnres
1150 2142 1217 2198 utre

169 2240 257 2304 ‘veri
278 2236 420 2303 similior
442 2234 503 2314 sit,
525 2257 594 2300 non
610 2235 715 2322 possis
731 2233 932 2313 decemere,
955 2249 1043 2300 sunt
1058 2239 1136 2302 illae
1151 2231 1217 2320 qui·

170 2341 259 2429 -dem
274 2361 391 2405 omnes
406 2337 794 2415 commemorandae‚·et
809 2333 953 2399 dilectus
966 2337 1158 2422 legentium
1172 2336 1218 2420 ju·

170 2445 268 2511 dicio
291 2439 545 2525 relinquendus.
591 2438 691 2526 Quae
719 2457 801 2502 vero
830 2436 1134 2523 iuteqiretationes
1154 2459 1219 2526 spe-

116 2570 123 2595 1
169 2545 266 2611 'ciem
291 2544 420 2607 nullum
435 2541 579 2619 habent,
601 2551 641 2604 ut
655 2562 771 2603 earum
787 2537 911 2602 utrius
925 2539 1028 2606 facile
1042 2540 1216 2631 perspicia·

169 2657 256 2724 tur,
277 2644 356 2708 illae
375 2667 446 2708 nou
466 2643 569 2707 modo
591 2664 659 2705 non
681 2639 904 2722 refellendae,
925 2643 985 2706 sed
1012 2666 1061 2706 ne
1075 2664 1217 2709 comme-

169 2745 366 2816 ·morandae
386 2743 521 2832 quidem
542 2755 641 2825 sunt,
663 2743 815 2808 maxime
834 2743 861 2807 si
884 2744 952 2808 sint
971 2744 1019 2809 ab
1033 2745 1216 2811 auctoribus

161 2849 331 2920 ··obscuris
345 2848 539 2932 nulliusque
550 2847 641 2911 inter
654 2846 857 2932 interpretes
874 2844 1026 2911 nominis
1041 2848 1213 2934 profectae.

171 2954 234 3022 'Ab
256 2952 320 3016 hac
340 2960 437 3036 perte
458 2951 589 3037 saepius
607 2958 725 3036 peccat
747 2948 1017 3036 christophorus
1029 2948 1213 3019 Wolfiusir

171 3055 285 3122 'ceris
294 3051 523 3145 philologieis
538 3063 573 3115 et
585 3048 716 3115 criticis
730 3050 767 3114 in
780 3050 886 3115 libros
898 3051 1082 3119 saerosN.
1095 3052 1140 3118 T.
1160 3045 1212 3140 Qui

180 3157 269 3225 liber
298 3151 492 3238 caeteroqui
512 3152 636 3232 bonus,
673 3163 773 3239 atque
798 3153 1098 3240 interpretationis
1121 3170 1211 3234 sacru

122 3320 126 3327 .
180 3258 333 3329 studioso
353 3254 488 3319 nemini·
504 3253 739 3341 negligendus,
760 3253 827 3319 hoc
846 3251 1211 3346 quidem‘pruecipuuu

58 3365 63 3371 ’
172 3362 301 3442 habet,
324 3356 414 3443 quod
435 3356 584 3427 diuersus
603 3358 829 3444 interpretum
848 3359 1033 3424 sententias
1048 3359 1214 3446 diligenter
1315 3378 1322 3390 ·

173 3471 352 3541 ‘recenset‚
374 3469 475 3544 atquo
496 3457 560 3524 sub
582 3480 727 3525 examen
749 3456 857 3526 vocat.
899 3461 940 3525 lu
959 3471 1029 3546 'quo
1052 3462 1084 3527 si
1106 3465 1218 3549 justum

172 3567 322 3634 niodum
339 3552 500 3640 servaret,
515 3561 636 3625 merito
655 3552 960 3645 esset'laudandus3
985 3587 1102 3650 eoque
1116 3563 1217 3652 mugit,

176 3666 332 3755 quodie
355 3663 567 3729 excutiendis
589 3686 659 3730 nou
683 3665 787 3730 modo
808 3666 1086 3749 commentariis,
1110 3686 1221 3735 verum

171 3769 285 3834 etiam
303 3755 525 3855 singularibus
548 3766 669 3833 libellis
692 3780 731 3834 ao
751 3756 1036 3858 disputationibus
1052 3768 1219 3849 academi-

170 3870 230 3937 cis
258 3879 307 3932 est
326 3872 426 3936 vuldo
443 3870 615 3951 curiosus,
653 3873 842 3959 multasque
865 3871 967 3935 etiam
990 3873 1221 3940 adnotationes

52 4050 56 4055 ,
138 4042 142 4047 ,
181 3969 279 4039 libris
301 3966 344 4032 de
366 3972 438 4036 aliis
459 3970 560 4036 rebus
584 3973 760 4060 agentibus
779 3975 916 4038 insertas
934 3975 1063 4061 passim
1083 3976 1222 4041 studiose

181 4068 363 4163 conquirit
404 4069 535 4144 verum
556 4074 594 4141 lu
616 4076 683 4143 hoc
702 4077 836 4165 negotio
857 4094 958 4168 saepe
977 4078 1030 4144 ab·
1043 4078 1118 4147 hac
1132 4089 1223 4174 perte
