2708 4636
551 307 637 345 ·.--
682 269 742 339 154
780 294 871 323 ⁵-

154 493 158 501 =
199 459 278 526 dem
305 475 342 520 se
369 434 464 516 velut
487 439 667 530 colligendi
688 441 860 509 licentiam
886 443 1055 512 in'verbis
1083 447 1248 538 scriptori¹

199 557 382 637 concedat,
402 552 439 616 in
453 548 553 629 rebus
573 545 750 611 ferendam
764 546 905 616 minime
920 560 1034 636 putet,
1057 552 1127 636 ejus
1142 553 1244 621 fasti-

199 664 322 741 diosae,
341 667 385 735 ut
396 652 493 720 nobis
508 649 652 730 videtur,
667 648 876 736 diligentiae,
892 673 955 738 pro
968 652 1054 718 SED
1074 668 1112 721 ut
1127 658 1164 723 in
1172 659 1244 747 fa.

133 784 137 789 ’
199 765 320 841 milio,
342 760 403 826 ΕΤ
426 754 522 820 utin
541 751 685 839 familia
703 755 870 839 legentes,
893 766 932 820 ut
954 776 1078 845 parva,
1100 759 1152 824 sic¹
1170 762 1244 830 leni

197 867 298 939 facile
313 859 499 928 mutatione
514 876 739 926 occurremus.
784 919 786 923 ,

139 1060 142 1067 ’
204 1117 209 1125 -
240 1062 253 1076 ’
283 1069 351 1139 Sed
372 1074 515 1151 quaerat
534 1059 624 1126 forte
646 1059 740 1146 quis,
770 1059 861 1126 unde
872 1059 1011 1129 librario
1026 1087 1047 1131 a
1062 1086 1144 1131 vero
1161 1091 1243 1136 sen-

136 1255 142 1264 ·
158 1211 162 1219 ·
198 1173 379 1243 tenu'arum
392 1166 523 1247 ordine,
544 1163 572 1230 si
584 1162 638 1228 hic
651 1163 800 1250 quidem,
811 1185 915 1250 quem
928 1167 1021 1250 vola,
1044 1190 1146 1234 verus
1157 1168 1243 1236 fue-

130 1299 158 1369 J
195 1279 259 1361 rit,
287 1269 467 1341 aberrandi
490 1287 623 1334 causam
646 1276 760 1331 natam
784 1266 985 1336 existimem.
1029 1269 1141 1356 Atque
1166 1296 1241 1362 ego,

151 1422 155 1429 -
185 1397 411 1470 quanquam.
444 1373 472 1438 si
495 1368 646 1434 ordinem
669 1356 908 1468 pervulgatum
928 1381 1019 1435 stare
1040 1395 1112 1439 non
1131 1392 1240 1462 posse,

116 1500 127 1507 “
195 1484 290 1551 bunc
311 1488 426 1546 autem
449 1470 630 1560 optimust·
648 1470 792 1551 habere,
815 1471 1139 1557 demonstraverim,
1160 1478 1241 1542 satis

171 1589 252 1655 'ane
272 1580 420 1648 arbitror
440 1571 659 1644 mutationem
673 1596 694 1638 a
707 1595 763 1637 me
776 1575 986 1662 propositam
1001 1578 1239 1644 commendas·-

192 1709 251 1766 se,
268 1696 398 1771 ,tarnem
422 1676 503 1765 quia
524 1686 700 1764 perspecta
725 1674 906 1741 aberrandi
924 1671 1099 1759 facilitate,
1131 1680 1237 1766 ipsius

147 1774 149 1778 Α
195 1781 411 1855 correctionis
433 1790 577 1865 augetur
596 1776 831 1864 probabilitas,
855 1776 936 1862 quid
951 1778 1053 1859 mihi,
1076 1781 1236 1846 omnibus

108 1904 116 1917 ·
196 1883 361 1978 expensis,
369 1882 536 1963 visumsit,
543 1867 659 1968 paucis
672 1879 832 1967 aperiam.
854 1878 1021 1946 Putabam
1036 1881 1235 1967 igitnr,tur-

103 2023 105 2034 ·
128 2071 130 2081 Ι
194 1983 652 2071 basistaavcrborumpuTO
667 1981 769 2051 PA-Rl
777 1980 906 2078 dedisse
915 1982 1178 2068 proximitatem.
1194 1986 1238 2050 In

102 2105 106 2112 '
145 2135 149 2143 ·
194 2095 320 2184 quibus.
335 2082 591 2155 coalescentibus
613 2106 691 2148 cum
708 2083 866 2151 librarius
879 2080 944 2146 sibi
957 2082 1051 2148 visus
1065 2098 1161 2186 esset¹
1173 2086 1238 2150 de-

191 2194 410 2292 prehendisse
421 2210 542 2260 vocem
555 2186 750 2278 TOIJIARII
764 2183 905 2250 inferius
911 2185 1027 2273 paullo
1035 2200 1238 2271 exstantem,

195 2298 406 2382 tumrcliqua
414 2291 522 2359 iudea
534 2288 666 2379 periodi
678 2286 898 2368 initioverba,
906 2288 1239 2381 suasede'mota,huc
1251 2348 1253 2350 .

197 2397 376 2475 nanstnlit.
419 2394 508 2459 Illud
521 2412 629 2456 unum
643 2396 819 2478 praetereo
838 2389 968 2470 addam,
991 2393 1090 2477 quod,
1111 2394 1238 2481 siquid

192 2501 489 2584 aliudumquam,
521 2491 649 2576 liquido
670 2516 854 2581 possemo
877 2493 1056 2562 adfirmare
1079 2495 1238 2577 arbitror,

104 2681 110 2698 Ι
192 2596 264 2672 non
276 2600 329 2680 id,
352 2597 442 2681 quod
464 2593 541 2660 libri
557 2617 674 2658 omnes
691 2592 838 2677 babent,
861 2595 970 2683 ipsius
984 2597 1159 2662 servitutis
1177 2600 1258 2664 Ci-'

100 2781 103 2791 ,
154 2736 157 2740 ·
193 2723 349 2774 seronem
370 2696 555 2785 scripsisse,
576 2693 750 2769 sedistius
765 2696 960 2778 servitutis,
982 2699 1096 2766 istum·
1109 2723 1239 2788 nempe

190 2807 389 2878 servitutem
414 2800 599 2882 dicentem„
633 2820 719 2887 quae
738 2799 782 2867 ab
800 2802 942 2869 istarum
963 2824 1088 2884 rerum=
1101 2814 1151 2868 est
1169 2826 1230 2868 cu·

176 2911 339 3005 piditate.

206 3176 209 3183 Δ
274 3114 365 3182 Haec
382 3109 503 3194 igitur,
525 3129 710 3193 quaecum
730 3111 903 3178 nonnullis
926 3124 1080 3180 vestrum
1102 3110 1233 3199 egimus

121 3284 123 3288 a
186 3215 359 3311 'privatim
381 3212 446 3277 hoc
469 3221 621 3298 tempore
635 3211 747 3277 visum
764 3224 816 3284 est
837 3214 1000 3280 disserere
1017 3215 1132 3300 paullo
1145 3235 1232 3278 enu-

78 3384 81 3398 .
173 3319 342 3396 oleatins,
363 3333 400 3378 eo
418 3312 543 3398 magis,
565 3316 653 3398 quod
670 3315 834 3400 intervos
849 3339 918 3383 esse
937 3304 1053 3407 plures
1069 3313 1232 3401 cognovi-

151 3474 160 3482 .
188 3446 292 3503 mus,
304 3440 375 3485 uon
392 3414 494 3483 modo
516 3416 744 3504 explanandis.
759 3430 915 3486 veterum
930 3421 1135 3508 scriptorum
1149 3417 1233 3483 locis

188 3527 366 3610 conjuncto
388 3516 498 3581 studio
521 3539 660 3607 operam
682 3521 798 3589 scdulo
818 3534 996 3605 navantes,
1019 3521 1078 3587 sed
1098 3531 1131 3583 et
1149 3519 1233 3587 artis

115 3710 117 3714 y
184 3626 337 3702 criticae,
359 3643 444 3708 quae
462 3620 642 3689 lectionem
662 3622 717 3688 vel
731 3638 936 3712 suspectam,
958 3627 1012 3691 vel
1033 3635 1231 3711 corruptam

91 3764 94 3769 ·
186 3725 375 3814 diligentius
394 3723 559 3806 rimatur,
596 3725 709 3811 aliquo
728 3746 830 3794 sensu
849 3727 1013 3794 imbutos.
1060 3725 1142 3792 Sine
1163 3746 1231 3811 qna

184 3828 352 3897 facultate.
371 3824 657 3910 quemadmodum
675 3851 780 3898 nemo
799 3841 977 3896 auctorum
995 3839 1153 3896 veterum
1173 3827 1230 3893 vel

186 3931 305 3998 doctus
320 3929 435 4008 lector,
457 3929 514 3994 vel
529 3928 708 4014 probabilis
725 3928 891 4019 interpres
910 3931 1055 4014 exstitit,
1075 3932 1124 3997 ita
1144 3930 1229 4018 haec

146 4045 151 4050 ·
185 4051 321 4126 quoqne
334 4028 496 4098 internos
512 4030 623 4099 studia
639 4033 940 4123 vigere,bouurum
956 4033 1132 4104 literamm
1148 4032 1231 4124 plu·
1335 4111 1340 4122 ⁶
