2708 4636
563 328 890 391 Ἄξων-ιι

200 493 324 579 possit,
346 500 391 547 an
406 481 544 543 Christo
569 474 684 545 divine
699 486 820 542 natura
834 474 974 566 proprie
987 475 1165 566 plenoque
1180 503 1262 548 sen·

199 609 242 654 ιιι
258 584 365 663 claris,
386 581 483 646 certis
503 602 542 645 ac
554 579 706 663 genuinis
722 580 889 645 librorum
904 604 1076 647 sacrorum
1092 583 1181 647 locis
1196 586 1260 649 tri-

199 686 339 754 buatur.
370 683 422 749 Sit
436 682 542 760 nobis,
562 683 713 764 iuquam,
736 682 771 744 id
786 704 848 767 pro
865 706 949 746 vero
961 694 1257 768 atqueconcesso:

201 798 276 856 tum
302 798 380 853 ante
404 786 518 865 omnia
539 783 726 870 quaeritur,
749 784 910 867 quoniam
934 806 1006 847 nou
1027 784 1145 851 minus
1162 801 1258 853 certo

198 889 393 977 humanitas
410 887 543 952 Christo
559 885 738 964 tribuitur,
761 907 864 969 ecqua
885 884 1014 950 ratione
1035 887 1148 953 isthoc
1168 891 1257 957 divi-

157 1051 160 1063 ,
199 992 317 1100 nitatis
336 1001 435 1073 atque
453 986 674 1067 humanitatis
698 986 989 1053 contubernium
979 1011 1016 1055 ιιι
1031 1011 1100 1055 una
1113 992 1257 1057 eadem-

172 1113 175 1120 ·
197 1117 268 1201 que
283 1106 426 1182 persona
445 1089 550 1176 possit
564 1083 713 1179 co'gitari.
758 1088 821 1153 Hic
836 1088 943 1154 nostri
963 1101 1151 1188 utramque
1165 1093 1255 1158 divi-

199 1220 272 1281 nam
296 1205 552 1282 secretamque
546 1214 617 1256 ease
639 1190 865 1283 contendunt,
898 1203 936 1257 ut
956 1216 1070 1278 neque
1095 1195 1254 1263 divinitas

168 1349 170 1355 ·
200 1274 340 1381 Christo
354 1294 505 1374 homini,
528 1284 639 1385 neque
653 1267 843 1359 humanitas
864 1296 972 1373 eidem
988 1296 1049 1360 deo
1063 1295 1174 1362 fuerit
1185 1299 1254 1364 col-

196 1399 281 1472 lam.
312 1398 400 1479 ,Non
413 1396 534 1503 ιιιοιιιιι-
544 1419 669 1493 quarn¹
666 1409 764 1462 acute
781 1409 815 1460 et
830 1398 1070 1486 probabiliter,¹
1086 1399 1149 1464 sed
1165 1412 1255 1467 cette

199 1498 312 1577 inulto
327 1500 441 1566 minue
438 1494 598 1567 advena
609 1485 749 1580 ratione,
763 1521 874 1614 ‘quam
889 1500 1090 1582 Luthcrani,
1114 1525 1175 1589 qur
1166 1502 1253 1568 '-hu

198 1622 339 1675 ananam
354 1600 591 1701 divinamque
589 1614 745 1676 naturam
760 1601 796 1666 in
812 1601 1009 1677 Christano
1022 1604 1250 1688 confundunt,

153 1760 158 1767 .
199 1721 243 1776 ut
256 1704 395 1773 alterius
411 1714 552 1770 naturae
567 1688 772 1768 adfectiones
786 1726 864 1789 cum
877 1706 981 1783 altera
994 1710 1248 1775 communicen·

199 1810 260 1879 ιιιιἸ
276 1821 309 1872 et
329 1809 457 1877 ineam
473 1787 565 1895 velut
587 1815 777 1901 transeant3
807 1806 855 1870 ita
871 1805 1007 1892 quidem
1033 1822 1075 1872 ut
1092 1810 1243 1898 omnipo·

197 1910 327 1989 tentia,
349 1905 599 1989 omniscientia,
608 1904 911 2010 9mnipraesentia
935 1909 1069 1977 Christo
1094 1935 1161 1977 non
1181 1911 1242 1976 deo

199 2006 354 2092 tantum,
376 2009 432 2074 sed
458 2009 566 2100 eidem
588 1992 685 2077 etiam
711 2009 839 2076 homini
864 2013 1053 2096 tribuatur,
1085 2027 1247 2131 quatenus
1279 2037 1281 2042 ’

144 2189 153 2215 Ι
197 2120 264 2187 est
268 2136 344 2180 cum
361 2096 423 2180 deo
438 2088 657 2205 conjunctus.
692 2112 764 2178 Hoc
792 2112 872 2200 quid
888 2137 905 2178 ι
908 2113 978 2178 liud
995 2125 1044 2178 est
1058 2116 1126 2182 nisi
1144 2137 1251 2204 copu-

87 2234 89 2242 '
196 2208 271 2287 Iure
283 2240 333 2297 ea,
343 2219 441 2300 'quae
457 2216 601 2301 iniice'm
617 2232 652 2278 se
664 2215 788 2279 tollunt
803 2227 836 2279 et
850 2220 1031 2306 conjuncta
1048 2241 1120 2283 esse
1137 2218 1250 2286 omni-

197 2303 245 2395 ιιο
262 2318 458 2434 nequeunt?
496 2319 573 2397 Non
595 2317 685 2380 euim
701 2316 838 2403 finitum
859 2331 893 2383 et
911 2317 1102 2399 infinitum,
1127 2315 1251 2410 corpo-

196 2422 300 2501 ¹reum
313 2432 348 2484 et
359 2421 616 2533 incorporeum,
637 2414 827 2508 auimatum
841 2433 874 2484 et
886 2445 956 2486 non
970 2421 1163 2490 animatum
1177 2445 1252 2489 ma-

94 2553 108 2599 :
193 2525 275 2629 gis
262 2527 352 2590 inter
366 2543 401 2584 se
418 2531 573 2619 pugnant
585 2542 687 2615 quam
710 2498 867 2607 divinitas
881 2536 914 2587 et
930 2508 1136 2590 humaniter.
1182 2524 1251 2610 Igi-

196 2638 257 2719 tur
268 2649 296 2690 ιι
287 2600 416 2689 dicas,
440 2644 497 2688 cor
499 2644 561 2708 pus
576 2602 721 2715 Christi
717 2630 860 2715 propter
877 2625 1024 2717 divinam
1041 2626 1171 2693 Christi
1186 2651 1249 2692 na-

168 2776 177 2788 .
190 2710 315 2796 {uram
329 2747 425 2811 omna
416 2722 517 2791 loco
531 2723 699 2819 adesset·
678 2722 763 2790 ihil
775 2726 863 2799 aliud
883 2724 1009 2817 dicis,
993 2750 1094 2815 quam
1108 2728 1143 2792 id
1159 2730 1250 2824 quod

137 2841 151 2873 -'
196 2806 335 2903 finitum
357 2826 466 2915 spatio
484 2828 544 2907 sit,
513 2799 745 2919 ιιιιιιιιιιιιιιι
768 2853 853 2907 esse,
887 2829 921 2900 id
941 2830 1031 2919 quod
1057 2845 1153 2900 certo
1172 2834 1248 2903 loco

194 2933 425 3010 contineatur,
448 2932 543 2995 nullo
558 2931 655 2996 loco
646 2924 811 2997 contineri
827 2944 859 2997 et
875 2958 898 2998 s.
915 2955 949 3019 p.

284 3033 389 3124 Quod
409 3047 525 3099 autem
546 3033 712 3101 Ernestus
733 3035 825 3117 dicit,
855 3037 1169 3120 „quemadmodum
1184 3021 1247 3106 ad-¹

193 3124 488 3229 poributamemis
507 3148 540 3200 et
560 3136 710 3223 corporis
727 3139 863 3225 proprie
878 3139 1118 3205 adtribuantur
1132 3142 1247 3210 homi-

190 3242 275 3334 „nh
285 3248 443 3328 ‘propter
458 3238 930 3325 conjunctionemutriusque
951 3240 995 3307 in,
1009 3249 1246 3333 unatnssperso-

191 3367 322 3436 ·„unmg
340 3340 578 3411 aioadtribute
594 3338 707 3405 divina
721 3342 800 3407 Jesu
816 3343 851 3406 M
856 3343 958 3409 casiae
972 3356 1114 3429 propter
1128 3349 1247 3413 unita«
1307 3404 1309 3413 .

191 3463 289 3537 „tem
306 3456 449 3526 naturae
463 3466 505 3509 ex
519 3455 662 3527 utraque
678 3454 799 3511 natura
813 3444 939 3532 pariter
955 3447 1091 3531 proprie
1102 3447 1244 3538 ·tribui‚“
1307 3462 1309 3531 ξ

192 3554 228 3625 id
244 3539 687 3626 aimaximeconcedamua,
709 3556 823 3616 tamen
837 3547 1164 3630 nonindeeffioitur,
1186 3553 1245 3617 ,ιι-
1307 3556 1309 3565 ’

189 3670 235 3723 'eu
249 3657 311 3723 deo
325 3651 493 3728 humana,
513 3645 644 3714 homini
666 3647 778 3714 divina
795 3649 918 3730 tribui,
941 3649 1244 3736 quodquidemilv

191 3759 274 3826 lum·
289 3752 375 3820 velle
389 3750 473 3826 hacc
490 3749 642 3832 'ejusdem'
654 3751 758 3816 verba
771 3752 904 3829 docent,
918 3752 1038 3835 quibus
1051 3754 1149 3821 suam
1163 3747 1243 3824 sene

100 3892 105 3903 ι
190 3857 337 3931 tentiam
359 3851 492 3940 plenius
512 3852 656 3942 explieat
680 3852 851 3941 Opuaoul,
870 3853 973 3921 theol.
996 3877 1030 3942 p.
1051 3855 1143 3941 598„
1172 3852 1243 3938 „Ae

191 3959 384 4051 mimum,
403 3953 536 4040 iuquit:
548 3956 633 4029 sicut
646 3955 680 4021 in
693 3956 934 4041 conjunctione
944 3958 1056 4030 ¹‚animi
1066 3981 1151 4031 ⁴cum
1167 3984 1244 4035 cor-

190 4056 318 4159 ιῆιοΐιιι
335 4055 576 4159 intelligimus,
591 4059 824 4145 arctissimum.
854 4070 996 4161 mutuae
1031 4066 1246 4150 praesentiae
