2708 4636
519 309 944 382 *5,«Ἀ,

120 547 122 557 .
204 544 208 548 .
232 441 362 579 rent
377 491 475 559 uite
489 509 555 577 ege
574 439 631 553 no
652 486 762 553 fateor
781 491 898 608 asni,
927 491 1059 563 ruenni
1079 457 1223 581 peres
1340 465 1344 476 '

150 597 262 667 multo
276 592 413 684 quidem
427 589 998 684 praestantiorielilludepigremmc
1010 597 1198 686 legentem·

196 733 286 797 Mit
306 729 452 799 weicber
473 725 677 791 Lendcchaft
701 727 759 791 het
783 729 858 792 dein
885 734 994 799 Pinsel
1017 734 1197 799 Leander'e

775 815 849 878 Suel
864 820 1009 915 geriert?

216 903 272 968 ste
295 915 428 979 ιιιιιιι,
450 899 518 966 wie
541 897 604 963 der
617 899 752 964 Winter
767 900 889 976 selber·
914 902 968 963 ich
986 905 1054 970 seb
1074 907 1121 972 eie
1139 930 1195 987 en,

773 985 861 1048 mich
880 947 989 1050 ιιιιιι1

148 1106 242 1176 Haeo
261 1104 400 1194 quidem
412 1103 528 1172 multis
546 1103 682 1193 placere
697 1103 784 1170 nihil
799 1116 850 1182 eet
867 1124 931 1172 cur
948 1104 1118 1191 dubitem,
1141 1121 1198 1176 at-
1298 1131 1301 1142 ·

145 1233 217 1301 que
231 1208 302 1299 ipse
316 1206 384 1279 vidi
397 1207 459 1295 vqui
480 1205 565 1273 nihil
578 1205 643 1273 dici
660 1229 758 1295 posse
780 1200 1051 1294 magnificentius
1064 1210 1200 1296 judica-

146 1325 237 1382 rent.
287 1311 373 1380 Mihi
400 1310 488 1378 nihil
516 1307 653 1376 videtur
687 1309 872 1399 vulgarius.
922 1309 1058 1378 Etenim
1081 1310 1199 1390 ,adduc

147 1415 336 1504 quamlibet
361 1412 533 1499 femellam
546 1413 584 1478 in
602 1411 737 1478 tabulae
757 1411 934 1500 regionem
949 1413 1027 1502 gelu
1041 1411 1199 1479 nivibus-

147 1543 216 1608 que
228 1519 394 1605 rigentem
406 1514 583 1584 referentis
601 1525 635 1579 et
650 1514 708 1580 vel
720 1515 935 1585 mediocriter
947 1515 1059 1603 pictae
1073 1518 1203 1606 adepe-.

83 1648 84 1652 ¹
129 1686 132 1692 ,
146 1635 252 1697 ctum,
274 1633 310 1686 ιι
322 1619 376 1715 dic
389 1641 463 1685 esse
476 1616 567 1706 quod
582 1615 740 1699 miretur,
762 1639 874 1705 neque
888 1616 1006 1684 audies
1020 1620 1124 1687 modo
1136 1643 1199 1686 ea-

138 1723 255 1818 ‘dem
244 1744 316 1810 ipsa
338 1723 509 1789 dicentem
528 1738 615 1806 quae
638 1732 741 1808 poete
764 1712 867 1803 dixit,
889 1719 949 1786 sed
970 1719 1100 1797 videbis
1124 1733 1197 1789 tcto

146 1849 292 1917 corpore
306 1825 478 1912 eleganter
492 1821 740 1890 cohortentem.
784 1823 830 1890 Et
841 1821 1044 1903 mirabimur
1056 1837 1197 1913 poetam

147 1940 292 2018 propter
311 1925 464 2006 laudem,
486 1945 590 2009 quam
610 1923 685 2014 ipse
702 1922 832 1993 artifex
853 1924 1107 2012 dedignaretur:
1137 1936 1199 1993 aut

148 2027 241 2113 quod
258 2026 363 2113 homo
391 2025 561 2109 inelegans
582 2024 720 2112 quisque
737 2040 837 2115 atque
857 2025 1014 2097 inficetas
1034 2028 1196 2098 facillime

150 2125 296 2206 dixerit,
337 2120 464 2188 idem
454 2142 491 2186 ιιι
514 2124 664 2189 carmine
687 2125 817 2193 dictum
839 2149 884 2194 en
903 2127 1107 2201 ridebitur
1096 2151 1198 2216 mge-

148 2226 312 2299 nicrum?

229 2328 352 2396 Nonne
364 2335 477 2392 eutem
495 2325 553 2391 vel
566 2324 718 2401 maxime
729 2325 803 2394 lius
820 2337 880 2410 ιιι,
902 2325 1089 2397 artificem
1078 2330 1199 2396 nnita-

145 2436 238 2503 tione
250 2442 322 2496 tam
336 2450 445 2518 prope
458 2428 631 2496 accessisse
648 2429 691 2495 ed
706 2441 849 2496 naturae
867 2427 1135 2516 similitudinem,
1158 2443 1200 2497 ιιι

146 2558 232 2626 opus
245 2537 319 2622 ejus
330 2532 597 2621 contemplantes
612 2529 708 2597 nobie
728 2529 907 2597 videamur
921 2544 993 2598 non
1007 2532 1195 2623 imaginem
1210 2535 1213 2543 '

144 2641 203 2709 eed
222 2659 277 2705 ree
295 2636 384 2725 ipsae
410 2631 586 2722 spectare?
608 2628 612 2635 ’
630 2629 780 2702 Omnino
802 2632 836 2698 id
858 2632 996 2722 quidem
1017 2635 1195 2708 summum
1239 2714 1244 2724 ,

146 2754 214 2823 est,
248 2728 447 2829 praesertim
467 2734 582 2802 situle
602 2732 708 2802 fuerit
730 2736 908 2804 oculorum
930 2738 1216 2827 intelligentium„

141 2860 246 2933 etque
262 2838 521 2908 exercitatorum
532 2834 698 2922 judicium
712 2838 766 2902 vel
779 2836 892 2924 potius
910 2860 1018 2927 error.
1048 2842 1095 2908 At
1109 2843 1198 2910 haec
1291 2843 1294 2847 ’

118 3021 121 3027 ,
144 2950 216 3039 ipsa
238 2946 311 3012 leus
331 2939 444 3005 verbis
467 2937 664 3026 simpliciter
689 2937 955 3055 comprehense,
983 2951 1022 3004 ut
1040 2960 1122 3009 vera
1139 2943 1194 3037 ιιι,
1262 3004 1267 3013 Α

145 3061 235 3119 certe
248 3039 359 3130 neque
375 3039 542 3155 exquisite
554 3048 604 3104 est
616 3060 725 3126 neque
735 3038 921 3126 ingeniosa
962 3034 1024 3110 Est
1036 3045 1127 3114 enim
1142 3047 1193 3116 itu

144 3154 182 3221 in
199 3158 359 3242 promtu,
379 3139 498 3229 utqui
517 3140 583 3207 hcc
604 3138 731 3207 dixerit
750 3141 857 3212 nihilo
882 3145 959 3233 plus
984 3145 1192 3236 dicatqucm

146 3253 204 3345 qui
216 3273 301 3340 opus
325 3243 449 3315 dixerit
464 3263 533 3311 cese
550 3243 762 3331 praeclarum
780 3255 883 3331 atque
897 3248 1078 3335 egregium
1113 3254 1192 3323 ’.Αι
1211 3307 1217 3322 ,

147 3379 212 3459 que
226 3351 391 3418 nimirum
406 3343 575 3433 quomodo
589 3341 668 3408 trita
681 3344 807 3414 isthaec
820 3358 921 3435 etque
931 3346 1153 3440 pervulgata
1142 3368 1193 3424 ιιι

145 3440 278 3549 possint
290 3448 439 3532 tractari,
460 3459 501 3515 ut
512 3468 574 3512 suo
585 3445 732 3532 quodam
745 3449 894 3519 eniteant
907 3452 1087 3541 splendore
1101 3467 1132 3520 et
1146 3456 1192 3524 ad

127 3555 319 3624 'luminum
340 3551 412 3620 vim
431 3559 534 3635 atque
552 3538 791 3620 excellentiam
813 3552 1030 3637 attollantur,
1060 3558 1189 3642 optime

147 3683 208 3732 nos
231 3655 401 3723 docebunt
413 3649 546 3734 Graeci,
568 3649 688 3742 optimi
706 3649 861 3742 prefecto
875 3653 982 3722 etiem
967 3647 1087 3741 hujus
1103 3659 1192 3726 arti-
1297 3717 1301 3722 ι

117 3799 120 3805 ·
147 3759 215 3829 ficii
238 3769 402 3826 auctores.

232 3858 327 3949 Quid
341 3853 514 3944 vulgarius
528 3867 578 3922 ιιι
593 3879 695 3945 quam
710 3880 738 3922 ιι
728 3855 934 3938 ’dixerit
907 3874 1040 3946 signnm
1052 3860 1193 3955 aliquod

144 3975 321 4050 nmquam
334 3957 454 4024 vivum
465 3959 528 4026 tibi
542 3957 651 4026 rideri
660 3959 791 4048 spirare
798 3958 921 4029 lVide
934 3972 1058 4046 eutem,
1074 3989 1187 4052 quan-

122 4058 268 4163 topere
293 4059 482 4152 eimplieem
510 4062 644 4132 isthanc
668 4062 870 4138 sententiam
886 4065 924 4133 in
948 4087 1019 4135 une
1036 4066 1196 4159 Myronie
1295 4055 1297 4060 ’
1328 4070 1332 4082 ”
