2708 4636
576 296 895 389 ...592-

181 530 192 547 ,
218 471 397 555 Erasinus,
423 471 578 555 Grotius,
599 471 671 560 ipse
688 470 869 571 Bramme,
888 474 1127 569 iidemqne'in
1148 484 1251 559 interr

218 563 389 653 pretendis
407 560 503 627 libris
514 558 618 639 sacris
630 578 710 625 cum
722 556 905 646 bresnoto,
920 576 1002 635 „tum
1014 570 1251 659 perspicuitas.

214 658 399 737 praestant
645 747 676 835 ς
699 704 751 815 ’.5.
771 747 823 815 25,
890 697 895 709 .
914 694 917 700 <

220 920 231 931 ,
298 845 531 917 Adhibendam
552 871 624 915 esse
652 849 882 919 constantiam
909 853 1106 942 psamdom
1128 863 1174 930 in·
1193 891 1249 935 usu

208 945 495 1037 praeceptorum,
517 954 560 999 ne
574 945 636 1000 out
648 935 992 1036 universeprobctur,
1015 945 1115 1031 quod
1129 949 1168 1016 in
1182 956 1245 1020 sin.

206 1021 306 1112 gulis
328 1019 458 1085 caussis
478 1019 695 1107 repudietur,
718 1033 780 1086 aut
799 1021 893 1086 zdsm
906 1048 1013 1115 qinom
1028 1036 1245 1104 commodam

208 1108 276 1186 sit,
292 1106 479 1194 probetur,
503 1128 607 1194 qsusm
619 1128 718 1172 secus
732 1106 790 1186 sis,
808 1106 1041 1196 improbetur,
1065 1120 1244 1189 rectissima

150 1192 154 1197 '
207 1192 374 1283 praecipit
397 1192 576 1271 umatus,
613 1190 768 1280 quamvis
793 1191 866 1290 ipse
885 1216 956 1261 non
977 1196 1054 1281 ejus
1079 1211 1242 1296 praecepti

206 1277 336 1364 ubique
358 1298 509 1356 memor,
529 1278 564 1343 id
583 1278 675 1362 quod
697 1301 718 1342 a
738 1275 834 1343 nohis
853 1277 892 1345 in
912 1280 1020 1368 capite
1048 1284 1095 1351 de
1109 1291 1240 1359 dictione
1305 1300 1309 1375 ζ

206 1362 340 1451 tropica
362 1361 541 1447 judicanda
558 1377 591 1428 et
610 1363 645 1429 in
723 1362 863 1431 retanda
883 1365 962 1430 satis
981 1389 1164 1462 superque
1181 1378 1237 1445 fnit

206 1446 482 1514 demonstratum.
525 1446 576 1512 tbi
593 1449 684 1513 enim
721 1494 730 1514 .
747 1470 778 1527 7.
791 1469 883 1536 seqq.
898 1470 987 1535 quae
999 1454 1109 1524 antea
1122 1461 1235 1529 detro-

205 1532 259 1625 pis
273 1544 365 1597 recte
376 1545 603 1621 praeceperat,
623 1542 745 1622 partim
762 1533 929 1617 deserens,
949 1534 1132 1623 partimin
1145 1547 1231 1614 alism

202 1636 339 1687 sensum
353 1630 584 1703 contorquens,
601 1618 708 1683 multa
719 1616 836 1683 miscet
848 1640 889 1684 ac
905 1621 1028 1714 turbat
1042 1648 1086 1693 eo
1103 1634 1231 1715 consilio,¹

89 1774 97 1783 ,
202 1716 245 1769 ut
264 1703 465 1789 quibusdam
485 1703 793 1768 Lutheranornmd
895 1703 1008 1789 ebus,
1031 1709 1079 1778 de
1096 1738 1226 1782 somnos-

201 1789 377 1857 nicctione
390 1787 596 1853 idiomatum
607 1789 644 1853 in
658 1808 804 1873 persona
847 1787 966 1873 bristi,
989 1806 1028 1860 et
1043 1797 1089 1864 de
1100 1801 1219 1865 consui*

200 1871 446 1949 stantintions,
468 1892 555 1957 quae
568 1870 632 1935 dici
645 1872 742 1971 solet,
757 1873 973 1961 ,praesidium
986 1877 1219 1971 anquatenus

199 1954 350 2022 iulcrum
371 1965 521 2040 quaerat.
561 1954 652 2023 Idem
673 1954 755 2021 facit
773 1956 808 2022 in
825 1956 1069 2046 dissertatione
1082 1966 1231 2059 deprccz,

199 2040 318 2115 sentin
331 2039 483 2128 corporis
498 2051 535 2106 et
547 2041 727 2142 sanguinis
741 2038 774 2107 J.
790 2038 826 2108 0.
845 2042 880 2108 in
894 2067 1001 2113 sacro
1019 2072 1143 2135 coeno,
1155 2077 1227 2145 quac

198 2124 235 2195 le
258 2126 325 2192 ’tur
333 2124 369 2190 in
385 2127 458 2210 ejus
471 2126 640 2215 opusculis
653 2124 845 2211 theologicis
857 2150 892 2215 p.
905 2128 977 2215 157.
986 2140 1083 2224 seqq.
1099 2140 1158 2206 ubi
1170 2141 1228 2208 ni-

198 2144 295 2280 sniis
311 2223 502 2297 argutatnr,
524 2211 661 2297 ingenio
675 2210 936 2297 mulenhusen,
958 2226 993 2282 et
1030 2238 1187 2314 raaoepts
1198 2226 1230 2292 in

194 2318 236 2367 ae
258 2297 431 2365 verissima
451 2310 664 2384 pervertens,
685 2297 729 2363 ad
741 2297 975 2368 inducendum
1023 2303 1139 2392 'quein
1151 2311 1230 2380 falsis

196 2395 232 2449 ct
250 2381 403 2449 absurdis
416 2381 566 2449 veritatis
578 2384 738 2449 colorem.
855 2438 860 2445 .

280 2468 389 2552 Hujus
409 2466 510 2555 igimr
531 2467 616 2533 tanti
639 2466 703 2533 viri
738 2468 935 2556 exemplum
963 2496 1107 2544 omnem
1131 2480 1230 2549 libro·

192 2572 272 2619 rum
287 2576 460 2618 sacrorum
472 2552 690 2640 interpretem
706 2573 845 2618 monere
859 2554 967 2646 debet,
981 2572 1022 2625 ut
1038 2562 1103 2631 sibi
1119 2579 1229 2635 caveat

195 2638 240 2700 ab
257 2635 350 2703 omni
363 2635 511 2723 partium
524 2635 652 2711 studio,
673 2656 761 2721 quae
772 2638 858 2703 solet
872 2660 942 2706 osse
954 2642 1063 2723 huius
1077 2649 1114 2714 in
1125 2653 1228 2718 tuter-

192 2721 357 2809 pretando
371 2720 612 2787 inconstantiae
622 2719 893 2806 frequentissima
907 2744 1044 2797 canssm'
1060 2726 1165 2824 Atqui
1171 2738 1226 2803 de·
1299 2770 1303 2795 ι

191 2821 250 2873 cet
270 2805 382 2873 virum
402 2807 558 2890 doctum,
580 2807 772 2888 othonum,
795 2811 914 2881 otveri
928 2827 1105 2885 amantem
1118 2823 1222 2887 animo

190 2912 280 2985 puro
304 2905 337 2956 et
355 2914 462 2957 saeuo
483 2892 525 2956 ab
542 2891 636 2979 omni
647 2891 876 2985 praejudicata
887 2897 1051 2984 opinione
1066 2904 1111 2970 ad
1125 2907 1221 2973 inter-

188 2978 371 3067 pretandos
387 2976 491 3041 libros
504 2998 617 3063 sacros
630 2978 800 3060 accedere,
823 3001 845 3042 n
887 3002 932 3047 ue
945 2980 987 3048 ad
1003 2998 1146 3074 sectam,
1165 3014 1218 3058 ne-

187 3082 255 3148 que
267 3064 309 3126 nd
322 3062 444 3146 dogma
456 3061 565 3127 ullum
578 3061 823 3149 respicientem,
833 3062 855 3127 'i
891 3068 1114 3141 solummodo
1129 3100 1214 3165 quae·

186 3158 339 3223 rentem,
362 3145 453 3232 quod
472 3157 507 3212 et
526 3158 617 3213 recta
638 3147 833 3232 regularum
884 3155 1078 3240 raeccptio,¹
1100 3172 1134 3227 et
1150 3183 1211 3227 usos

183 3231 364 3318 loquendi,
386 3232 560 3318 explorato
580 3230 755 3297 scribentis
775 3235 889 3298 conss’
924 3237 1041 3305 etloci
1053 3257 1208 3325 'contextu

183 3319 278 3398 uitro
291 3315 525 3405 suppeditabit.
548 3315 619 3407 Qui
631 3339 713 3383 vero
726 3317 795 3401 jam
806 3317 845 3384 in
858 3319 1026 3409 principio
1041 3328 1087 3395 do
1100 3341 1212 3397 eventu

184 3404 346 3487 pollicitus
366 3414 451 3485 tuta¹
463 3403 578 3471 omnia
596 3400 837 3493 circumspicit,
873 3416 978 3491 atque.
998 3414 1063 3479 vel
1075 3416 1216 3504 dogmati

181 3488 284 3554 aiicui
292 3486 423 3566 metuit,
440 3489 492 3553 vel
506 3488 609 3589 partis
622 3496 679 3552 aut
690 3485 985 3571 hominis'alicujus
997 3503 1103 3567 cavet
1115 3501 1214 3568 offen·

178 3578 274 3656 iam,
296 3573 324 3639 is
345 3570 727 3671 interprens'librorum
749 3594 922 3643 sacrorum
943 3598 1093 3651 munere
1124 3607 1211 3652 num·

179 3678 285 3745 quam
302 3658 524 3744 ex'dignltate
537 3657 708 3746 iungetur.
758 3688 761 3693 ·
1132 3720 1138 3731 ,

183 3780 195 3789 ·-
266 3743 331 3809 Sed
355 3748 490 3831 praetor
511 3744 603 3811 hano
623 3743 766 3835 estalia,
787 3764 894 3830 eaque
906 3764 976 3811 non
992 3749 1114 3820 minor
1123 3754 1214 3841 hujus

177 3824 218 3901 in
232 3826 495 3916 interpretandis
508 3829 603 3897 libris
615 3827 716 3895 sacris
728 3829 973 3899 inconstantiae
989 3853 1124 3923 mussa,
1135 3859 1214 3927 qnae

176 3913 293 3997 praeci
318 3935 360 3976 ue
380 3916 442 3981 sub
467 3914 570 3981 finem
589 3912 771 4004 superioris
786 3915 898 3987 ¹seculi
910 3915 1151 4002 ingravescens
1164 3948 1212 3991 us·

175 4018 245 4084 que
269 3935 317 4061 sd
332 3997 396 4061 hac
409 4010 550 4068 aetatem
563 3999 785 4088 permanavit.
806 3998 937 4066 Exorto
954 4002 1052 4074 enim
1065 4007 1213 4077 Leibnitii

174 4091 277 4171 atque
287 4079 406 4153 Woffii
417 4106 520 4176 opera
534 4087 624 4153 claro
635 4083 869 4181 philosophiae
878 4084 1012 4159 lumine
1021 4094 1129 4163 multi
1140 4088 1210 4163 toni
