2708 4636
542 302 636 329 --.
673 265 733 336 154
771 301 862 320 ⁴-

145 486 149 495 «
190 453 269 520 dem
296 469 333 515 se
360 430 456 511 velut
478 435 657 525 colligendi
679 437 851 516 licentiam
876 440 1046 510 in'verbis
1074 446 1240 536 scriptori·

190 552 372 632 concedat,
393 546 430 611 in
444 544 544 610 rebus
563 541 741 606 ferendam
755 542 896 613 minime
910 557 1024 633 putet,
1048 550 1118 634 ejus
1133 551 1234 620 fasti.

190 658 336 736 diosae,
333 662 375 715 ut
387 647 483 715 nobis
499 644 642 726 videtur,
658 644 866 732 diligentiae,
883 665 946 735 pro
959 649 1045 716 SED
1064 666 1103 720 ut
1118 655 1155 721 in
1162 657 1235 746 fa

123 778 127 782 -
189 758 311 835 mitia,
333 754 394 820 ET
416 762 454 814 ut
476 750 512 814 in
531 746 675 835 familia
693 751 861 836 legentes,
882 763 923 817 ut
944 774 1069 843 parva,
1090 757 1143 823 sic
1160 761 1235 829 leni

187 861 288 935 facile
303 853 490 922 mutatione
505 872 728 922 occurremus
774 916 776 920 .

129 1053 132 1060 ’
194 1110 199 1119 .
230 1057 243 1070 ’
274 1063 341 1133 Sed
363 1069 505 1146 quaerat
524 1054 615 1123 forte
636 1055 730 1142 quis,
760 1056 1001 1127 undelibrario
1016 1085 1037 1128 a
1052 1084 1135 1129 vero
1152 1089 1234 1134 son-

83 1182 85 1190 ’
148 1204 152 1212 ·
188 1167 369 1236 tertiarum
383 1161 513 1241 ordine,
534 1183 562 1225 sa
552 1157 629 1224 hic
641 1158 790 1246 quidem,
801 1182 906 1246 quem
918 1163 1011 1247 volo,
1033 1187 1150 1232 verus
1147 1167 1232 1234 ·-fue

127 1248 148 1297 i·
186 1273 249 1355 rit,
277 1265 457 1335 aberrandi
480 1284 614 1329 cansam
636 1272 750 1327 natam
775 1263 974 1329 existimem.
1019 1267 1132 1354 Atque
1156 1295 1231 1361 ego,

121 1357 145 1423 ⁷·
175 1391 401 1464 quanquam,
434 1368 462 1433 si
485 1363 636 1431 ordinem
660 1365 898 1465 pervulgatum
918 1379 1009 1432 stare
1030 1393 1102 1437 nou
1121 1395 1231 1460 posse,

106 1493 117 1501 “
186 1477 281 1545 huuc
301 1482 416 1540 autem
439 1465 566 1555 optime
583 1489 620 1530 se
638 1466 781 1547 habere,
805 1468 1128 1555 demonstraverim,
1150 1477 1231 1540 satis

173 1600 242 1648 sme
262 1573 410 1642 arbitror
430 1566 649 1639 mutationem
663 1592 684 1633 a
697 1591 753 1634 me
766 1571 975 1659 propositam
992 1576 1230 1641 commendas-

182 1703 241 1760 se,
258 1690 388 1765 tamem
412 1671 492 1759 quia
513 1682 690 1760 perspecta
715 1668 896 1738 aberrandi
914 1665 1089 1756 facilitate,
1121 1677 1228 1764 ipsius
1247 1693 1250 1695 ’

185 1775 401 1853 correctionis
423 1785 566 1860 augetur
579 1772 821 1861 probabilitas,
844 1773 926 1859 quid
940 1776 1043 1857 mihi,
1066 1778 1226 1844 omnibus

98 1898 106 1910 '
185 1877 351 1971 expensis,
359 1877 525 1957 visumst,
533 1862 649 1964 paucis
661 1875 821 1964 aperiam.
844 1876 1010 1944 Putabam
1025 1879 1136 1964 igitur,
1145 1892 1225 1946 tur-

93 2014 120 2073 Ἰ
184 1978 641 2066 basistasverborumpuTO
656 1972 1168 2066 PARldedisseproximitatem.
1184 1984 1227 2048 In

92 2097 96 2105 '
135 2127 141 2143 ··
184 2089 309 2177 quibus
324 2078 580 2149 coalescentibus
602 2102 681 2145 cum
698 2079 856 2147 librarius
869 2077 982 2144 sibi
947 2102 1041 2145 visus
1054 2096 1142 2150 esset
1162 2084 1228 2148 de-

181 2188 399 2284 prehendisse
410 2205 532 2255 vocem
544 2183 740 2274 TOPIARll
753 2180 1015 2270 iuferiuspaullo
1024 2198 1227 2270 exstantem,

155 2367 157 2370 ,
184 2291 395 2376 tumidique
404 2286 482 2352 inde
492 2309 512 2352 a
523 2285 677 2373 periodi
667 2285 769 2356 mitio
773 2283 900 2366 verba,
895 2285 1048 2350 suasede
1048 2291 1228 2372 mota‚huc

185 2390 365 2469 transtulit.
408 2389 497 2453 Illud
511 2408 621 2475 unum
632 2394 808 2473 praeterea
827 2386 958 2467 addam,
980 2369 1079 2475 quod,
1100 2393 1129 2457 si
1144 2395 1227 2480 quid

129 2565 132 2568 ,
181 2495 478 2578 aliudsumquam,
510 2486 639 2572 liquido
659 2512 843 2576 posseme
866 2490 1045 2560 adfirmare
1068 2493 1227 2576 arbitror,

93 2674 99 2691 Ι
182 2590 254 2666 nou
266 2593 319 2674 id,
341 2592 431 2675 quod
453 2589 530 2655 libri
546 2612 664 2661 omnes
680 2589 827 2673 babent,
850 2592 958 2680 ipsius
972 2594 1148 2666 servitutis
1166 2598 1248 2662 01--

89 2774 92 2785 ,
182 2717 338 2768 ceronam
359 2691 544 2780 scripsisse,
565 2688 739 2765 sedistius
754 2694 950 2775 servitutis,
971 2697 1085 2764 istam
1098 2720 1228 2786 nempe

179 2801 378 2875 servitutem
403 2795 588 2878 dicentem,
622 2795 770 2883 quaeab
790 2798 931 2864 istarum
952 2821 1076 2883 rerum
1090 2812 1140 2866 est
1157 2824 1219 2867 cu.

119 2965 124 2977 ,a
165 2905 327 2999 ‹piditate

52 3125 60 3139 “
167 3178 170 3181 Α
194 3110 353 3177 llaec
371 3105 492 3190 igitur,
513 3125 600 3189 quae
619 3126 699 3175 cum
718 3108 891 3184 nonnullis
914 3122 1069 3178 vestrum
1091 3109 1222 3197 egimus

110 3278 112 3282 ,
174 3210 273 3306 priva
277 3213 347 3288 tim,
370 3207 435 3272 hoo
458 3217 609 3294 tempore
624 3207 735 3275 risum
752 3223 804 3281 est
825 3211 989 3277 disserere
1005 3213 1120 3317 paullo
1133 3234 1220 3277 enu-

66 3378 70 3389 ,
146 3305 330 3391 alcarius,
351 3327 389 3373 eo
406 3307 532 3394 magis,
554 3312 669 3394 quod
658 3324 745 3380 mter
760 3338 822 3397 vos
837 3336 907 3386 esse
925 3316 1042 3405 plures
1057 3311 1220 3400 coguovi-

139 3468 148 3476 .
176 3441 280 3498 mus,
292 3435 363 3480 non
380 3410 482 3480 modo
505 3412 733 3501 explanandis
748 3428 903 3484 veterum
918 3418 1123 3506 scriptarum
1137 3416 1221 3482 locis

63 3523 64 3526 ’
176 3522 354 3604 conjuncto
377 3511 486 3576 studio
509 3535 649 3602 operam
671 3518 787 3585 sedulo
806 3532 984 3604 navanter,
1007 3519 1066 3585 sed
1086 3530 1119 3582 et
1137 3519 1221 3586 artis

102 3703 106 3711 Ι
173 3620 325 3698 criticae,
347 3638 432 3704 quae
450 3616 630 3685 lectionem
650 3621 706 3685 vel
719 3635 923 3710 suspectam,
946 3625 1000 3690 vel
1021 3633 1219 3712 corruptam
1244 3653 1246 3655 >

79 3755 82 3769 i
149 3721 363 3808 'diligentius
382 3718 547 3802 rimatur,
584 3721 696 3808 aliquo
716 3742 818 3791 sensu
837 3725 1001 3792 imbutos.
1048 3724 1130 3791 Sine
1150 3746 1219 3811 qua

172 3823 339 3893 facultate.
359 3820 644 3906 quemadmodum
663 3847 768 3895 nemo
787 3839 965 3894 auctorum
983 3837 1141 3895 veterum
1160 3826 1218 3892 vel

174 3927 292 3993 doctus
307 3925 422 4004 lector,
445 3925 508 3990 vel‘
517 3925 696 4010 probabilis
713 3922 879 4016 interpres
898 3929 1043 4012 exstitit,
1063 3930 1112 3996 ita
1132 3929 1216 4018 haee

134 4040 139 4046 ’
173 4047 308 4122 qusque
321 4024 411 4096 iuter
424 4049 484 4094 nos
500 4027 611 4096 studia
626 4029 928 4118 eigestonam
944 4031 1120 4103 literarum
1136 4031 1218 4123 plu-
