2708 4636
539 348 734 397 *100
773 365 881 389 ·······

224 507 374 580 Pondere
387 524 483 651 poma
496 525 575 586 suo,
598 503 805 592 tumidaeque
820 507 855 568 in
871 507 994 573 ritibus
1009 524 1110 591 uvaqr

226 586 311 658 Suht
333 595 389 654 her
413 612 448 652 ae
469 589 594 653 dulces:
618 607 712 667 sunt,
760 614 820 654 uae
835 595 1002 658 mitescere
1019 595 1155 679 flamme,

223 670 417 762 Mdllirique
440 690 570 759 queant.
615 675 687 738 Nec
706 615 799 738 vobis
813 684 935 740 lacteus
952 680 1068 745 humor

223 766 390 848 Eripitnr,
414 782 474 823 nec
497 764 588 821 mella
611 760 716 842 thymi
735 761 915 824 redolentia
932 761 1052 829 florem.

222 849 362 934 Prodiga
377 845 526 922 divitias,
551 846 769 931 alimentaque
784 847 876 907 mitia
892 854 987 911 tellus

222 933 394 1020 suggerit,
424 947 522 1013 atque
545 934 656 1013 epulas
678 929 867 1076 einebcaede
891 948 924 994 et
947 937 1105 1022 sanguine
1129 963 1222 1027 prae·

230 1072 234 1078 .
781 1031 823 1077 et.

217 1105 326 1167 Carne
349 1103 436 1164 ferae
458 1099 572 1171 sedant
585 1102 732 1185 jejunia:¹
746 1122 808 1162 nec
823 1104 933 1165 tamen'
945 1126 1067 1171 omnes.

184 1182 205 1207 '⁵
222 1188 357 1274 Quippe
381 1209 507 1272 equus,
532 1201 565 1248 et
585 1185 746 1268 pecudes,
771 1201 978 1274 armentaque
997 1195 1143 1278 gramine
1168 1200 1219 1265 vi·

492 1332 495 1337 ,
755 1287 848 1340 runt.

219 1358 267 1420 At
286 1357 404 1443 quibus
427 1356 599 1442 ingenium
614 1372 662 1418 est
676 1358 990 1444 immansuetumque
1002 1362 1179 1453 ferrumque
1212 1408 1218 1431 ‚

177 1510 191 1520 ,
219 1443 393 1519 Armeniae
414 1442 532 1540 tigres,
563 1441 778 1526 iracundique
798 1445 922 1520 leones,
1212 1512 1214 1517 ,

75 1530 77 1535 ’
221 1520 370 1613 Cumqu'e
387 1532 473 1612 lupis
495 1527 579 1608 ursi,
605 1526 741 1612 dapibus
758 1549 830 1589 cum
846 1530 1004 1615 sanguine
1017 1533 1173 1620 gaudent.
1210 1524 1214 1542 ἶ

178 1744 255 1812 iam
277 1738 452 1807 Plutarchi
468 1738 575 1807 verbe
595 1763 614 1805 e
635 1739 797 1821 Gulielmi
815 1741 979 1830 Xylandri
999 1746 1156 1814 versione
1168 1749 1218 1818 sic

175 1846 315 1914 habent.
360 1842 498 1932 „Quam
517 1845 626 1910 multa
648 1843 743 1936 vobis
761 1851 960 1915 nascuntur!
990 1871 1088 1935 quam
1114 1854 1214 1918 locu-

175 1950 276 2040 „ples
302 1947 396 2013 vobis
421 1966 537 2010 rerum
562 1945 749 2011 vindemia!
772 1961 939 2035 quantum
959 1954 1112 2043 scampis
1125 1944 1228 2026 divie'
1263 1962 1266 1967 ’

149 2058 152 2067 “
174 2043 339 2136 „tiarum‚
369 2057 510 2134 quantas
535 2068 554 2110 e
574 2047 733 2137 stirpibus
756 2052 941 2139 voluptates
957 2057 1146 2145 percipitis!
1166 2059 1216 2125 ita

172 2155 352 2242 „quidem
374 2163 414 2216 ut
437 2147 540 2239 potiri
560 2150 629 2221 illis
650 2163 683 2216 et
706 2152 876 2220 luxuriare
891 2155 984 2224 vobis
1006 2158 1131 2245 absque
1144 2152 1217 2230 ulla

173 2254 385 2346 ‚lpollulione
405 2253 512 2321 detur.
523 2255 544 2333 ‘f
587 2252 750 2340 Idemque.
761 2268 837 2344 post
851 2259 969 2344 paulo:
991 2250 1083 2344 ,JVos
1098 2274 1215 2331 autem

170 2368 265 2444 „quo
283 2356 383 2423 modo
406 2353 497 2423 nunc
510 2352 620 2422 rabies
636 2357 798 2441 quaedam
813 2371 845 2424 et
858 2373 989 2428 oestrus
1005 2362 1073 2448 agit
1085 2366 1128 2453 ad
1144 2389 1213 2455 cae

171 2463 255 2545 „des
277 2461 472 2536 sceleratas,
502 2457 539 2523 in
559 2467 652 2522 tanta
672 2480 789 2526 rerum
812 2465 1077 2531 necessariarum
1099 2466 1214 2535 abun·

169 2553 332 2647 „dantiai
354 2559 425 2626 Cur
440 2571 566 2625 terram
581 2560 757 2626 mendacio
771 2566 927 2655 gravatis,
949 2577 1111 2659 tanquam
1126 2592 1212 2658 quae

116 2654 119 2659 ¹
170 2662 284 2748 „alere
308 2684 368 2727 vos
387 2656 556 2746 nequeat?
578 2662 650 2727 Cur
667 2661 842 2748 legiferam
860 2669 1017 2734 Cererem
1031 2668 1141 2758 impie
1154 2675 1212 2740 os-

167 2764 349 2854 „fenditis,
378 2786 440 2830 our
466 2777 680 2831 mansuetum
695 2778 798 2854 atque
814 2770 934 2836 mitem
949 2771 1012 2839 lrac
1027 2760 1211 2841 contumess

71 2920 74 2925 -
166 2865 235 2958 „li'a
251 2869 392 2936 adficitis
403 2868 584 2948 Liberum,
608 2881 728 2936 utnon
745 2871 823 2936 satis
839 2894 901 2937 ros
918 2863 1040 2941 abillis
1055 2879 1208 2967 accipere

148 2976 272 3064 '„prae
286 2972 382 3040 vobis
396 2970 539 3061 geratis?
560 2971 636 3040 Non
651 2972 758 3059 pudet
773 2971 872 3038 mites
885 2973 1016 3060 fructus
1030 2976 1110 3046 cum
1124 3003 1207 3046 san-

20 3156 24 3167 .
54 3140 57 3159 ,
162 3070 342 3166 „guineet
358 3075 458 3143 caede
472 3073 635 3140 miscere?
656 3074 844 3157 Dracones,
865 3077 1064 3165 pantheras,
1091 3082 1204 3158 leones

60 3230 65 3239 .
166 3182 269 3267 „dum
290 3177 445 3246 saevitiae
462 3168 648 3255 adamatis,
671 3175 736 3265 ipsi
752 3171 896 3243 interim
904 3177 1068 3268 improbis
1086 3185 1201 3250 caedi-

167 3285 250 3364 „bus
267 3282 386 3349 eorum
405 3279 525 3345 feritati
542 3278 628 3357 nihil
644 3278 767 3344 ceditis.
779 3285 803 3318 “
828 3281 913 3346 Eam
931 3282 1034 3369 igitur
1048 3281 1083 3370 in
1100 3296 1201 3351 utro-

102 3433 105 3438 .
167 3403 234 3471 que
253 3382 498 3451 sententiarum
515 3378 722 3447 adfinitatem
745 3379 773 3448 si
795 3381 871 3470 quis
893 3408 972 3471 casu
987 3395 1103 3453 natam
1119 3389 1202 3455 exi-

139 3485 293 3570 stima,
325 3487 479 3567 equidem
496 3484 580 3552 nihil
598 3485 774 3572 pugnabo:
797 3487 826 3554 si
848 3489 903 3553 cui
926 3513 1020 3556 secus
1034 3491 1203 3573 videatur,

165 3585 268 3653 {acite
288 3582 420 3670 quidem
443 3610 538 3683 arne
558 3588 771 3679 impetrabit,
800 3605 859 3676 ut,
882 3593 1040 3680 quoniam
1064 3592 1201 3662 Plutarss

166 3678 271 3757 e'h'um
289 3689 331 3754 atl
350 3678 447 3758 notri
470 3684 588 3757 versus
608 3683 791 3782 respexisse
810 3692 853 3761 ob
867 3691 1014 3764 Romani
1029 3700 1198 3765 sermonis
1239 3723 1241 3728 ·

164 3786 333 3883 inscitiam
352 3782 525 3860 verilmile
547 3815 619 3858 non
645 3805 712 3877 est,
743 3807 927 3886 utrumque
945 3822 1008 3865 sua
1020 3813 1139 3893 putem
1156 3821 1198 3866 ex

128 3960 132 3976 „
163 3907 322 3964 velerum
337 3891 612 3981 Pythameorum
627 3899 745 3965 iisdem
758 3902 911 3987 reliquiis
924 3901 1087 3969 hausisse·
1116 3894 1197 3981 ,Ha-

143 3997 222 4068 'bet
236 4007 282 4061 et
303 3995 388 4060 illud
407 4009 526 4080 prater
537 4000 602 4066 alia
615 3984 803 4068 ¹commune
819 4027 900 4070 cum
910 4004 1092 4072 Plutarcho
1107 4006 1193 4073 Ovi·

126 4104 129 4113 '
164 4105 258 4188 dius,
280 4097 372 4188 quod
391 4094 571 4168 animalum
589 4100 853 4172 domesticorum
867 4107 1075 4193 utiliumque
1086 4120 1191 4181 carne
