2708 4636
526 355 843 420 *¹77*-

159 504 238 588 riae,
250 503 322 571 sive
335 477 530 572 fabularum
542 512 701 570 veterum
714 489 892 590 diligenter
907 505 1019 593 legere
1026 511 1199 602 reliquias,

155 626 362 692 omnemque
381 606 549 674 Aeneidos
568 605 665 672 velut
679 615 854 673 texturam
866 629 1007 678 suorum
1019 611 1199 686 bominum

154 710 368 808 opinionibus
390 707 561 793 rebusque
586 707 636 772 ita
657 705 875 794 distinguere,
896 722 937 775 ut
957 724 1069 785 totum
1081 739 1199 809 popu.
1287 772 1306 803 .-

151 813 226 880 lare
246 823 281 876 et
300 802 493 878 Romanum
512 807 577 879 hoe
597 831 736 875 carmen
758 812 932 895 videatur,
964 835 1131 905 nemoque
1153 821 1197 888 de

154 916 228 1002 ejus
256 912 483 1004 praestantia,
510 910 578 977 nisi
601 934 662 1002 qua
651 912 748 981 hoc
771 923 899 998 teneat,
933 928 1025 984 recte
1046 922 1198 1009 judicare
1240 908 1245 927 ¹

150 1017 267 1107 possit.

236 1119 462 1190 Proximaest
477 1119 588 1187 saxi'e
599 1119 687 1186 mari
702 1118 940 1209 prominentis,
963 1125 1055 1211 quod
1067 1142 1197 1199 metam
1249 1162 1252 1167 -

151 1222 358 1289 certantibus
378 1212 510 1292 Aeneas
534 1222 722 1316 coustituit,
751 1219 952 1312 descriptio,
980 1227 1102 1313 pulcra
1117 1233 1198 1317 qui-
1295 1281 1298 1287 .

150 1324 231 1390 dem
243 1324 302 1390 illa
316 1335 417 1411 atque
433 1327 582 1410 elegans,
603 1322 716 1412 brevis
731 1333 864 1405 tamen,
886 1347 925 1392 ac
938 1324 1011 1391 sine
1025 1327 1119 1396 inani
1137 1348 1199 1407 qr..

149 1440 324 1499 namento.
374 1427 471 1495 Adeo
497 1428 534 1492 in
555 1425 610 1503 his
632 1423 790 1514 omnibus
812 1445 926 1512 neque
948 1425 1073 1497 dicitur
1084 1456 1199 1524 nequo

150 1529 353 1596 describitur
375 1530 579 1617 quidquam,
600 1541 736 1620 praeter
757 1550 815 1609 ea,
838 1549 925 1615 quae
947 1530 1071 1619 partim
1085 1537 1198 1607 omitti
1268 1575 1270 1578 ·

148 1655 222 1699 non
244 1643 419 1720 poterant,
440 1633 567 1720 partim
593 1630 635 1698 ad
649 1652 724 1695 rem
737 1629 864 1717 ipsam,
886 1641 987 1718 atque
1003 1638 1197 1711 certaminis

147 1737 315 1803 rationem
336 1736 591 1822 intelligendam
611 1733 798 1825 pertinent.
847 1731 965 1822 Neque
983 1735 1071 1804 illud
1092 1763 1197 1829 praa-¹

104 1879 105 1882 =
146 1847 294 1918 teneam,
324 1839 415 1926 quod
433 1839 611 1927 Virgilius,
633 1835 694 1902 ubi
714 1834 871 1933 ductores
895 1837 985 1906 inter
1005 1861 1043 1905 se
1058 1845 1196 1916 sortita),
1210 1830 1221 1912 ’,

146 1938 243 2018 dicit,
266 1960 370 2024 quem
393 1940 555 2026 cujusque
576 1939 675 2006 navis
686 1938 804 2004 locum
818 1952 1016 2028 occuparet,
1036 1943 1104 2011 hoc
1117 1949 1196 2034 qui..

145 2039 227 2105 dem
249 2039 458 2125 paucissimis
482 2041 547 2107 illis
571 2039 684 2105 verbis
705 2038 804 2104 facite
836 2037 927 2104 tum
940 2043 1020 2108 loeo
1034 2061 1125 2114 sorte
1140 2051 1196 2116 le·

142 2149 244 2230 gunt.
290 2140 394 2205 Poeta
429 2163 520 2206 unus
550 2164 570 2205 e
598 2140 714 2205 multis
738 2138 880 2204 fortasse
907 2141 1012 2208 etiam
1037 2147 1075 2212 in
1102 2150 1196 2226 hisce
1242 2183 1244 2191 ι

145 2242 288 2308 Homeri
311 2240 447 2328 vestigia
459 2242 523 2309 sibi
534 2238 706 2329 sequenda
725 2237 962 2326 existimasset,
986 2267 1006 2308 a
1024 2269 1090 2334 quo
1103 2252 1193 2319 libro

143 2343 240 2411 Iliad.
264 2343 337 2412 VII·
360 2345 504 2433 hujusce
524 2341 620 2412 modi
640 2342 754 2429 aliqua
773 2339 902 2424 sortitio
924 2344 1082 2433 pluribus
1097 2352 1196 2421 dein-

145 2470 225 2536 ceps
248 2446 402 2513 versibus
421 2444 611 2515 enarratur.
655 2444 904 2522 Nouersvero,
936 2469 1004 2533 quo
1019 2463 1092 2518 erat
1101 2454 1195 2539 J'udi-

145 2549 218 2626 oio,
239 2548 543 2616 innumerabilibus
558 2548 630 2616 aliis
643 2546 725 2613 locis
739 2545 890 2613 imitatus
904 2546 1122 2639 Homerum,
1134 2558 1193 2625 in.

144 2649 319 2736 telligebat
337 2673 433 2734 sane,
456 2675 559 2740 quam
577 2651 681 2739 longe
698 2651 766 2717 alia
789 2646 893 2730 hujua
906 2663 1009 2735 esset,
1029 2677 1131 2743 quam
1145 2659 1193 2728 il.
1247 2689 1260 2706 κ

143 2753 231 2836 lius,
254 2752 435 2820 sortitionis
458 2754 556 2819 ratio.
598 2750 698 2835 Apud
718 2752 908 2820 Homerum
932 2752 1067 2837 quidem
1081 2759 1193 2826 Grae.

146 2879 267 2924 corum
289 2853 491 2920 fortissimus
511 2855 656 2943 quisque
676 2854 766 2918 iuter
788 2874 824 2916 se
842 2852 1049 2938 sortiuntur,
1079 2862 1194 2947 eequis

145 2982 228 3026 cum
241 2958 387 3023 Hectore
400 2958 492 3023 solus
507 2956 756 3044 congrediatur.
777 2953 895 3039 ltaque
912 2955 1006 3070 cujus
1022 2981 1095 3024 sors
1112 2963 1192 3033 exi÷

144 3075 226 3129 tura
255 3071 358 3141 esaet,
385 3057 535 3125 maxima
561 3055 704 3122 debebat
728 3076 817 3133 esse,
845 3077 910 3143 pro
930 3055 983 3131 rei
1002 3076 1191 3150 momento,
1252 3141 1254 3145 .
1307 3126 1310 3133 ,

144 3166 198 3235 vel
218 3160 442 3253 spectantium
461 3161 516 3228 vel
536 3157 725 3260 legentium
736 3158 954 3276 exspectatio
997 3160 1061 3228 Hic
1075 3176 1219 3248 autem·
1327 3243 1330 3252 ,

142 3290 226 3336 sane
247 3287 372 3354 parum
384 3262 571 3348 referebat,
593 3262 696 3348 haec,
718 3285 764 3328 an
777 3264 844 3329 alia
858 3263 953 3330 navia
967 3265 1121 3353 primum
1135 3270 1190 3343 10-

144 3393 225 3436 oum
240 3369 420 3435 obtineret
434 3365 469 3457 *)

230 3473 302 3540 Iam
326 3494 411 3539 vero
441 3492 558 3536 omnes
587 3467 715 3557 ingenii
734 3444 1007 3555 viresVirgilius
1032 3470 1190 3559 intendit,

144 3596 282 3644 scenam
305 3574 478 3663 aperient,
500 3571 744 3658 ostendensque
763 3583 798 3638 et
822 3592 924 3638 naves
943 3572 1134 3658 instructas,
1155 3589 1191 3645 et

144 3686 268 3769 nautas
282 3675 515 3743 committendi
533 3673 725 3742 certaminis
736 3673 872 3762 siguum
885 3672 997 3742 auimo
1011 3698 1051 3742 ac
1064 3700 1191 3769 corpo.

150 3833 359 3856 fl

113 3946 117 3951 ’
179 3937 210 4012 )
226 3933 337 3992 Eodem
350 3934 468 4035 judicio
491 3955 562 3996 uana
582 3936 729 3999 asteriam
744 3937 805 4016 ipse
820 3939 1059 4000 Homsmalliad.
1075 3943 1193 4004 XXIII.

143 4076 149 4097 ,
213 4045 246 4083 v
268 4034 329 4092 551.
347 4023 379 4076 in
396 4021 532 4082 ludorum
548 4025 713 4100 curulium,
729 4025 836 4109 quibua
856 4027 983 4087 Achillea
997 4032 1127 4090 Patroclo
1139 4052 1194 4108 pa

143 4137 182 4187 ι,
213 4108 355 4186 reuubat,
372 4113 553 4183 enarratione,
728 4149 752 4162 .‡
818 4195 884 4276 Μ
1196 4151 1199 4156 .
