2708 4636
539 333 859 402 ...αδδ-.-

177 502 283 586 mmi‚
304 500 573 595 nequ'e‘oinnino
593 506 816 577 necessariam
834 508 954 588 fuisse,
985 504 1099 600 atque
1116 512 1224 584 multis

178 614 377 700 magnisque
397 608 511 698 urgeri
531 611 753 681 incommodis
776 611 996 678 demonstrat·
1019 652 1076 667 ·--
1102 618 1224 687 Eadem

177 714 253 783 fere
270 714 370 780 sentit
394 713 614 793 Toellnents,
645 713 702 777 vir
721 712 948 796 doctissimus,
973 739 1098 804 neque
1118 720 1224 790 minut¹

52 888 55 893 ,
169 817 411 910 philosophiae
421 838 524 902 quam
537 838 654 881 rerum
668 815 931 903 theologicarum
949 819 1100 889 scientia
1112 827 1222 911 clarus,

178 922 274 1005 cujus
287 919 438 1006 egregius
450 930 558 984 exstat
577 920 619 983 de
634 918 700 982 hoc
719 932 919 1005 argumento
934 919 1030 986 liber
1044 924 1096 990 ita
1110 927 1221 995 inscri-

175 1035 272 1115 ptuss
292 1022 378 1103 „Die
390 1020 752 1111 giittlicheEingebnng
767 1020 827 1084 der
838 1020 986 1108 heiligen
993 1024 1145 1113 Scirrift,
1162 1056 1219 1097 nn-

167 1125 346 1209 ·„tersueht
366 1149 435 1191 von
454 1124 585 1191 Julia'nn
611 1121 755 1187 Gottlieb
775 1124 947 1191 Toellner.
995 1129 1136 1197 Mietau
1159 1137 1218 1202 und

175 1228 350 1316 „Leipziffi
377 1246 467 1313 ¹77²·
493 1225 547 1292 δέ*
584 1225 629 1289 -ln
640 1245 707 1309 quo
721 1224 809 1289 libro
829 1246 908 1291 cum
922 1230 1045 1296 multa
1060 1239 1218 1322 praeclara

174 1329 408 1420 disputantur,
429 1340 504 1393 tum
516 1327 554 1392 in
567 1326 685 1415 primis
702 1327 924 1416 ponderanda
938 1345 1028 1398 sunt
1043 1336 1121 1423 illa,
1141 1362 1215 1430 quse

169 1454 248 1524 pag.
263 1418 320 1498 361
337 1453 429 1518 seqq.
443 1430 612 1515 leguntur.
766 1456 770 1464 ¹
1117 1434 1120 1441 '

258 1536 312 1602 Ex
325 1534 376 1598 his
396 1534 511 1620 itaque
527 1543 636 1621 patet,
658 1532 818 1620 theologia
839 1534 933 1600 haud
952 1541 1097 1629 paneis,
1116 1544 1214 1633 iisqne

167 1639 292 1707 sobriis
308 1662 347 1704 ac
362 1634 569 1724 sapientibus
583 1635 631 1700 ita
643 1636 823 1724 placuisse,
845 1661 915 1702 non
930 1645 1066 1719 omnia,
1084 1648 1207 1732 quaein

172 1743 267 1810 libris
281 1739 380 1805 sacris
394 1737 517 1825 scripta
529 1748 624 1811 sunt,
647 1737 688 1802 ad
706 1737 812 1802 divini
825 1739 968 1826 spiritus
987 1747 1136 1831 adflatum
1147 1770 1199 1813 ss·

171 1868 208 1912 se
219 1841 408 1923 referenda,
429 1839 487 1905 sed
500 1839 627 1924 aliquus
639 1838 741 1904 etiam
754 1841 790 1904 in
802 1841 870 1906 illis
882 1848 1115 1934 consignandis
1125 1870 1195 1939 par·

170 1958 223 2011 tes
245 1943 345 2008 fuisse
365 1941 595 2030 scriptorum(
631 1940 791 2030 Quorum
812 1941 841 2007 si
858 1953 1038 2018 sententia
1055 1974 1135 2018 uera
1148 1964 1202 2035 est,

166 2047 272 2131 iniis,
288 2069 373 2134 quae
384 2045 440 2112 isti
451 2068 493 2111 ex
507 2064 580 2111 sese
592 2041 810 2132 scripserunt,
820 2067 888 2110 non
904 2053 1021 2118 modo
1037 2060 1207 2144 tumm-

169 2136 271 2232 seius,
293 2172 415 2216 verum
437 2150 538 2215 etiam
559 2144 753 2225 ἐναντιώσεις
765 2148 879 2213 locum
901 2173 1014 2239 posse
1028 2156 1208 2240 tamti

100 2264 104 2273 '
168 2240 371 2336 statuamus,
400 2252 565 2319 hinorum
584 2272 771 2328 sacrorum,
804 2262 974 2337 quatenus
999 2259 1115 2327 divini
1131 2252 1207 2342 sunt,

168 2355 356 2422 auctoritati
374 2380 418 2421 ne
431 2354 611 2421 minimum
635 2353 771 2438 quidem
786 2354 1006 2442 derogantes,
1029 2367 1207 2453 magmh.

165 2457 257 2553 boris
272 2470 367 2547 parte
380 2455 490 2535 levati,
510 2454 577 2522 hoc
592 2460 843 2542 consequemur,
856 2468 894 2522 ut
911 2461 1054 2528 omissis
1066 2465 1120 2550 iis,
1135 2480 1207 2557 quae

164 2559 229 2625 nisi
260 2558 512 2641 tergiversando
541 2568 575 2621 et
610 2557 767 2649 inanibus
804 2557 930 2624 artibus
965 2568 1130 2653 expediri
1158 2594 1208 2637 ns.

163 2668 311 2747 queunt,
332 2659 440 2746 ipsam
454 2659 546 2723 illam
561 2657 728 2726 librorum
747 2683 917 2726 sacrorum
934 2665 1164 2753 divinitatem
1174 2697 1207 2740 ω

162 2759 295 2828 facilius
310 2752 475 2829 tueamur.
499 2763 540 2832 V.
553 2786 588 2851 p.
603 2761 655 2829 65.
686 2764 726 2830 In
741 2785 809 2856 quo¹
824 2763 962 2852 negotio
976 2781 1085 2840 tanto
1099 2779 1208 2865 majori

162 2856 358 2962 careatque
373 2862 545 2950 diligentia
557 2867 686 2933 versari
699 2866 823 2961 fasest
846 2879 977 2952 quanto
990 2882 1111 2958 majus
1123 2902 1208 2971 μη.
1256 2930 1258 2955 ,

160 2968 415 3045 culumfuerit,
435 2980 481 3030 n'e
496 2965 610 3032 divina
632 2990 709 3032 cum
730 2968 887 3033 humanis
904 2981 1045 3045 temere
1068 2980 1207 3051 confun-

160 3073 294 3152 dentes,
317 3092 374 3150 ea,
396 3090 484 3155 quae
500 3069 716 3156 scriptoribus
737 3082 815 3137 sunt
836 3071 1045 3167 tribuenda,
1068 3084 1109 3152 in
1128 3084 1207 3154 divi·

59 3158 65 3167 ’
156 3190 243 3239 num
258 3170 410 3261 spiritum
423 3170 677 3237 transferamus.
811 3184 815 3191 '

157 3306 163 3321 ·
244 3272 310 3339 Sed
329 3282 470 3359 quaerat
492 3271 633 3339 fortasse
644 3273 772 3360 aliquis,
794 3275 999 3364 quibusnam
1015 3310 1146 3359 rerum
1157 3292 1205 3358 in.

153 3375 250 3444 'diciis
264 3375 377 3442 divina
394 3377 429 3441 in
440 3375 533 3441 libris
547 3376 650 3441 sacris
659 3376 716 3441 ab·
726 3378 880 3446 humanis
895 3386 1031 3471 possint
1046 3393 1203 3483 dignosci.

59 3558 63 3565 Ι
153 3479 237 3567 Ejus
258 3479 309 3546 rei
326 3480 491 3564 judicium
512 3479 734 3566 repetendum
756 3494 836 3548 esta
850 3484 967 3552 divino
987 3488 1032 3556 in'
1046 3495 1105 3563 his
1119 3498 1203 3566 libris

153 3584 386 3670 'consignandis
401 3581 548 3647 consilio.
591 3579 781 3675 Id³quidetn
789 3597 878 3651 certe
890 3610 961 3654 non
977 3594 1055 3659 tale
1068 3597 1150 3686 firit‘,
1168 3610 1201 3666 nt

100 3685 104 3691 ’
149 3667 238 3749 iiber
260 3695 425 3765 exstaret,
445 3683 513 3749 sive
525 3706 600 3750 rem
620 3685 690 3750 sive
705 3672 890 3753 orationem
907 3704 1069 3781 spectes,
1092 3703 1200 3769 omni-

150 3783 215 3849 bns
232 3785 383 3853 numeris
405 3787 592 3871 absolutus,
623 3788 782 3877 omnique
796 3789 952 3856 'humani
972 3788 1112 3870 erraris
1131 3805 1196 3874 labe

152 3907 281 3969 carens,
303 3891 359 3954 sed
373 3901 411 3954 ut
425 3887 593 3974 religionis
606 3913 709 3957 verae
724 3895 906 3989 praeceptis
919 3894 1113 3972 hominurn
1127 3906 1194 3974 ani-

150 3988 200 4055 mi
215 3988 257 4053 ad
272 3994 540 4082 consequendam
559 3996 702 4060 salutem
716 3993 997 4069 informarentur.
1046 4006 1124 4074 Hoc
1136 4011 1191 4076 ita-
1206 4078 1209 4085 Ι

145 4108 216 4181 que
237 4091 376 4160 consilio
397 4114 520 4164 verum
535 4095 582 4165 de
602 4096 769 4164 librorum
785 4118 962 4167 sacrorum
983 4115 1191 4194 asumma
