2708 4636
463 339 908 407 '··--15'·-·-·

145 526 203 582 tur
225 506 401 598 honestas,
422 533 510 601 quae
531 511 603 600 ipsa
625 523 676 577 est
695 511 820 577 veritas
836 510 875 576 in
894 510 997 576 rebus
1018 508 1184 579 advitam

145 632 246 705 atque
264 612 376 684 mores
389 614 645 705 pertinentibus.
688 614 773 704 Nam
787 606 909 678 falsitas
925 613 1035 678 omnis
1052 636 1092 678 eo
1107 637 1186 678 ma·

144 724 199 808 gis*
216 723 251 787 in
273 722 357 789 vitio
376 719 526 809 ponitur,
549 738 616 801 quo
636 715 772 800 gravior
783 715 1068 803 perniciosiorque
1082 717 1187 781 fuerit

145 847 260 906 error,
284 847 303 888 a
319 842 387 912 quo
400 823 442 888 sit
456 819 622 906 profecta.
653 819 744 904 Ergo
758 816 799 881 de
815 817 916 881 rebus
930 830 1021 882 recte
1032 818 1185 902 judicans

142 944 244 993 nemo
258 949 339 992 sane
361 923 510 991 laudabit
524 922 591 1003 itta,
615 943 700 1008 quae
714 920 872 984 Lucanus
886 917 965 1011 satis
980 921 1068 988 nisti
1082 922 1186 990 ballo·
1253 946 1263 969 ¹

143 1050 224 1096 rum
239 1029 392 1095 civilium
406 1021 625 1116 deplorationi
638 1019 826 1110 subjunxit.

188 1218 290 1305 Quod
307 1218 334 1279 si
350 1239 420 1279 non·
436 1217 533 1281 aliam
542 1229 680 1276 venturo
696 1209 764 1279 fata
780 1207 907 1276 Neroni

132 1325 143 1341 ²
187 1298 346 1368 invenere
359 1302 455 1379 viam,
478 1321 660 1384 magnoque
673 1314 806 1360 aeterna
820 1315 974 1381 parantur

120 1419 122 1422 ’
190 1392 302 1476 Regna
316 1388 410 1464 Deis,
437 1391 625 1466 coelumque
641 1405 699 1446 suo
714 1383 834 1445 servire
852 1385 997 1447 Tonanti

189 1474 333 1540 Nonnisi
348 1493 515 1532 saevorum
530 1468 640 1550 potuit
655 1485 730 1551 post
742 1469 827 1529 bella
840 1471 1034 1555 Gigantum:

115 1590 119 1598 =
188 1564 260 1628 Jam
279 1559 375 1632 nihil,
400 1554 561 1637 oSuperi,
588 1555 765 1635 querimur3
791 1558 909 1615 scelera
926 1557 997 1638 ipsa
1011 1542 1171 1642 nefasque
1244 1554 1287 1580 ''
1332 1556 1335 1567 '

188 1649 263 1710 Hae
279 1640 425 1704 mercede
441 1645 588 1722 placent:
612 1636 698 1699 diros
712 1638 875 1700 Pharsalia
894 1662 1022 1723 campos

109 1778 112 1784 Δ
189 1734 346 1815 Impleat,
368 1739 408 1786 ut
422 1723 723 1787 Poenisaturentur
737 1726 893 1809 sauguine
907 1747 1033 1788 manes:
1058 1742 1119 1790 etc.

147 1920 236 2002 Nam
255 1913 296 1982 ut
320 1911 549 1989 detestabilem
563 1911 762 1979 adulationis
778 1890 1021 2001 iurpitudinem
1038 1925 1195 2002 praeter-

83 2014 88 2019 ¹
125 2025 128 2029 ’
150 2044 236 2099 eam,
259 2015 343 2102 quid
363 2014 504 2077 omnino
520 2013 688 2097 indignius
709 2013 850 2102 sapienti
864 2016 949 2097 viro,
970 2040 1073 2103 quam
1086 2019 1193 2083 scele-

148 2142 231 2187 rum
238 2113 465 2202 qualicunque
472 2113 512 2176 de
526 2133 640 2176 caussa
653 2112 873 2201 adprobatio?
889 2116 961 2183 Etsi
975 2120 1066 2185 euim
1077 2120 1193 2204 rideo,

150 2221 245 2290 unde
264 2214 346 2283 huic
366 2215 442 2289 loco
459 2212 686 2278 defensionem
699 2225 813 2299 petere
827 2217 956 2290 Lucani
972 2220 1195 2303 admiratores

149 2324 289 2419 possint,
310 2330 428 2383 tamen
440 2329 474 2382 et
488 2317 626 2381 inanem
643 2315 739 2381 illam
753 2338 822 2381 esse
833 2317 992 2413 intelligo,
1013 2334 1196 2408 propterea

150 2426 244 2516 quod
268 2423 434 2488 scelerum
458 2417 694 2502 cogitationem
723 2418 908 2486 virbonus
929 2422 1096 2491 bonorum
1117 2423 1198 2490 inde

146 2529 383 2625 profectorum
403 2520 636 2606 magnitudine
659 2523 798 2610 quidem
820 2523 938 2606 solari,
960 2526 1016 2590 sed
1039 2527 1098 2593 illa
1110 2551 1197 2616 pro-

149 2638 234 2705 bare
247 2634 326 2697 'non
347 2627 452 2711 magis
472 2626 594 2714 possit,
617 2647 720 2710 quam
736 2623 852 2692 eadem
868 2619 942 2715 ipse
954 2627 1098 2697 similem
1110 2653 1200 2718 pro·-
1219 2664 1221 2669 >

115 2798 127 2808 ,
149 2752 228 2831 pter
247 2752 398 2800 caussam
416 2738 562 2816 patrare.
606 2728 772 2795 Carminis
788 2729 923 2817 quidem
942 2732 1026 2820 epici
1041 2733 1200 2818 gravitas,

150 2848 333 2914 meocerte
352 2854 453 2897 sensu
484 2831 692 2919 judicioque,
725 2828 961 2916 hujuscemodi
997 2834 1200 2902 sententiam
1242 2863 1245 2870 ·

79 2936 83 2943 ’
122 2958 292 3019 'omnem
312 2933 453 3023 respuit.
495 2935 607 3022 Major
629 2936 686 3000 vel
704 2931 804 3001 inhia
821 2940 967 3018 quoquc,
989 2926 1071 3001 dum
1084 2948 1200 3004 tamen

153 3046 276 3117 modus
291 3038 410 3124 aliquis
423 3047 589 3115 servetur,
613 3049 663 3101 est
676 3033 811 3101 licentia
822 3035 858 3100 in
874 3034 1062 3105 carminum
1075 3062 1201 3128 genere
1249 3060 1253 3065 ·
1312 3054 1315 3063 “

151 3151 214 3218 illo
234 3140 362 3211 ludicro
384 3149 442 3203 aut
463 3136 601 3219 leviori,
623 3137 817 3225 inquibus,
842 3143 976 3225 quaein
999 3144 1058 3209 illo
1073 3146 1203 3216 atrocia
1299 3213 1301 3217 ,

154 3250 367 3326 viderentur,
382 3259 628 3326 nonnunquam
640 3253 781 3330 possunt
794 3242 850 3306 vel
865 3224 1020 3311 exeusari
1032 3244 1084 3310 vel
1099 3246 1202 3323 etiam

155 3357 300 3444 placere.
332 3346 435 3434 Cujus
449 3343 499 3409 rei
512 3364 641 3424 caussa,
652 3356 692 3408 ut
705 3357 800 3435 puto,
817 3347 901 3413 haec
917 3362 975 3428 est,
991 3349 1084 3434 quod
1098 3359 1202 3434 poeta
1284 3404 1287 3411 .

158 3456 197 3521 in
208 3454 283 3519 loco
296 3443 474 3532 desipiens,
487 3443 659 3510 interdum
675 3470 713 3513 ea
728 3441 839 3514 dicere
856 3449 966 3516 videri
979 3449 1091 3540 possit,
1114 3472 1202 3536 quaa
1259 3466 1262 3471 '

127 3620 129 3624 f
159 3576 230 3623 non
243 3549 402 3619 videatur
414 3546 578 3613 facturus.
599 3548 716 3634 Itaque
731 3573 871 3616 menon
890 3552 1069 3619 offendunt
1083 3565 1202 3639 poetae
1278 3576 1285 3585 ³

87 3714 90 3721 .
114 3719 117 3723 ,
158 3654 330 3746 cujusdam
346 3650 510 3716 Germani
522 3672 652 3734 versus,
668 3651 800 3738 quibus,
823 3651 950 3719 Horatii
965 3657 1079 3720 Donec
1092 3667 1205 3740 gratus

159 3781 271 3840 eram,
300 3754 470 3839 imitatus,
499 3753 654 3844 Phyllida
681 3755 812 3825 inducit
837 3757 901 3824 isto
920 3757 1029 3848 'mado
1059 3759 1203 3848 laquata·

79 3891 84 3897 ·
158 3872 250 3931 tems
266 3861 301 3943 *)
1090 3895 1098 3902 ·
1189 3909 1194 3917 0

101 4029 105 4034 ⁸
161 4021 373 4044 Μ

163 4204 166 4209 ι
195 4120 225 4190 ὓ)
241 4115 578 4192 ayrischsulumsulm.
595 4125 646 4189 Vl·
661 4119 756 4188 Butlit
