2708 4636
53 3500 61 3529 Ι

535 336 857 415 ...a-282...-

221 509 365 596 fertur
349 537 391 578 ιιι
407 533 481 577 arva
495 517 624 588 volans,
647 515 861 596 plausumque
876 509 1029 572 exterrita
1043 496 1162 594 pennis
1176 493 1193 502 μ

223 607 293 666 Dat
308 618 395 664 tecto
410 602 593 700 ingentem:
619 620 697 661 mox
710 607 782 660 ae're
797 604 884 680 lapsa
903 597 1014 680 quieto
1219 606 1223 610 ’

223 688 347 750 Radit
336 703 400 749 ater
416 685 595 770 liquidum,
615 684 733 748 ceteris
749 704 856 767 neque
871 697 1043 744 conmovet
1060 687 1135 744 alas

180 816 253 884 Hac
280 814 384 902 igitur
410 812 663 901 comparatione
692 810 877 876 absolutius
907 809 1089 895 quidquam
1114 830 1229 896 neque

124 1000 129 1010 .
178 916 267 983 mihi
287 917 403 992 animo
423 917 553 1003 tingere
575 928 731 1002 possum,
754 935 867 999 nequa
881 912 1145 1000 ipseVirgilius,
1169 914 1232 996 qui

178 1019 219 1086 in
234 1019 298 1084 boc
310 1018 447 1108 quidem
467 1040 591 1104 genera
605 1040 769 1083 summus
774 1027 834 1095 est,
855 1015 1022 1101 scripsisse
1035 1014 1120 1078 mihi
1139 1027 1232 1080 certe

46 1196 52 1207 ,
128 1198 132 1203 ,
179 1119 325 1188 videtur.
369 1123 463 1190 Nihil
488 1121 634 1187 dulcius
641 1132 690 1184 est
704 1143 802 1184 versu
822 1118 990 1182 secundo·
1019 1116 1104 1185 nihil
1121 1139 1235 1208 neque

147 1222 305 1305 verius,
326 1245 439 1311 neque
451 1224 558 1311 magis
574 1223 616 1289 ad
631 1235 789 1290 naturam
805 1220 951 1286 effictum
964 1222 1041 1301 illis,

150 1371 160 1379 ⁴
222 1384 267 1401 --
315 1385 360 1403 -
402 1358 615 1438 plausumque
637 1353 791 1416 exterrita
810 1349 936 1435 pennis

223 1439 295 1507 Dat
315 1452 406 1501 tecto
432 1440 610 1525 ingentem.

175 1560 280 1654 Quae
293 1562 454 1630 verbane
470 1565 609 1632 demum
628 1566 726 1634 valde
738 1565 932 1656 placebunt,
955 1562 1009 1650 qui
1024 1585 1068 1626 ιιι
1069 1562 1141 1627 ium
1155 1586 1235 1628 ma-

176 1666 293 1753 jorum
310 1669 458 1734 volatum
473 1668 657 1742 observant
669 1668 840 1739 attentius
873 1667 971 1756 Quae
985 1666 1121 1750 quidem
1138 1664 1235 1731 subi

58 1800 59 1804 ,
100 1801 103 1807 ·
179 1770 216 1832 tc
239 1780 371 1834 terrore
401 1771 530 1839 excitae
554 1795 690 1862 semper
719 1770 954 1838 vehementius
978 1779 1137 1855 strepunt
1159 1768 1244 1848 alis,

180 1881 255 1935 tum
269 1872 627 1964 accelerandae'sugae
646 1897 778 1956 caussa,
801 1885 876 1939 turn
899 1870 977 1959 quia
992 1871 1165 1935 molestior
1178 1879 1230 1933 est

152 1970 160 1985 ”
180 1974 330 2056 volatus,
366 1987 547 2065 antequam
569 1978 723 2068 pleniora
744 1979 822 2043 aere
845 1975 1084 2041 sustineantur.
1143 1972 1230 2040 Haec

142 2146 154 2171 Ι
178 2088 296 2149 autem
309 2078 344 2143 in
360 2103 396 2146 aa
408 2102 490 2147 vera
502 2081 688 2169 pulcraque
702 2091 870 2168 augentur
886 2076 999 2142 addito
1016 2087 1130 2154 antro,
1144 2072 1234 2161 quod

106 2179 109 2194 '
179 2180 323 2270 strepitu
346 2206 507 2252 resonare
528 2184 623 2250 velut
639 2184 807 2254 audimus.
850 2177 1171 2263 Eximiusdenique
1186 2188 1236 2248 cst

178 2306 295 2351 versus
314 2285 387 2352 iliez

222 2411 323 2473 Radit
336 2414 399 2478 iter
411 2414 593 2499 liquidum,
619 2413 731 2475 celeria
748 2432 855 2496 neque
871 2423 1045 2498 conmovet
1068 2411 1146 2482 alsa,
1183 2468 1190 2476 ,

178 2537 248 2603 aive
269 2539 452 2605 verborum
478 2539 640 2606 dilectum
663 2551 814 2624 spectes,
843 2561 911 2623 quo
932 2534 1117 2624 praecipue
1137 2555 1236 2597 com-

177 2638 361 2707 mandatur
383 2639 495 2726 prima
515 2663 602 2720 vox,
631 2642 785 2707 volatum
806 2641 917 2708 lencm
942 2651 974 2703 et
995 2636 1234 2722 tranquillum,

161 2740 404 2835 lainealarum
433 2742 614 2830 agitatione
638 2740 797 2832 pingens,
841 2743 911 2810 sive
931 2762 1091 2807 numeros
1115 2761 1236 2804 versus

178 2843 336 2936 expedita
350 2845 547 2913 celeritate
536 2871 651 2936 ipsum
665 2847 754 2917 hoc
744 2846 878 2916 imitati

262 2949 295 3016 N
297 2971 363 3015 unc
373 2947 695 3068 igiturMnestheum
703 2951 857 3018 videmus
873 2949 1070 3034 etSergesto
1087 2944 1236 3010 acdeiu'-

109 3009 222 3117 de
239 3051 314 3138 Gya
333 3062 520 3140 superato„
536 3053 648 3140 ipsum
671 3055 739 3138 jam
764 3065 877 3171 petere
893 3049 1118 3127 Cloanthum,
1141 3057 1236 3110 tanta

177 3174 296 3221 rerum
309 3156 532 3223 conversione
547 3155 646 3236 sacta,
668 3158 786 3242 utqui,
809 3157 869 3221 ubi
883 3176 987 3220 naves
1004 3152 1146 3229 exirent,
1160 3172 1236 3213 nro-

74 3275 86 3348 2
178 3255 224 3320 do
248 3257 406 3340 tertium,
434 3242 536 3325 modo
560 3260 662 3334 etiam
686 3257 900 3346 postremum
922 3259 1035 3322 locum
1059 3253 1236 3333 tenuisset,
1275 3294 1280 3302 ·

177 3360 247 3447 jam
262 3358 304 3423 ab
319 3359 392 3446 ipsa
404 3362 521 3449 palma
534 3385 638 3450 quam
653 3362 812 3453 proxima
828 3360 934 3427 absit:
976 3411 979 3420 ,

210 3491 306 3549 Tum
322 3509 400 3551 vero
417 3489 599 3574 ingeminat
615 3495 745 3567 clamor,
771 3492 947 3572 cunctique
965 3500 1156 3570 sequentem

145 3635 150 3648 ,
219 3574 385 3660 Instigant
398 3575 533 3659 studiis,
557 3591 754 3660 resonatque
771 3574 1101 3661 fragoribaiueether.

107 3692 110 3706 ¹
176 3699 270 3768 Inter
290 3701 352 3766 hos
370 3723 451 3767 vero
466 3725 545 3768 cum
566 3725 701 3772 summa
725 3702 940 3769 contentione
952 3695 1158 3777 certaretur,
1183 3707 1237 3761 at-

178 3815 401 3890 queuterque
423 3804 549 3893 ⁴dignus
562 3807 677 3895 palma
694 3806 887 3884 videretur,
911 3801 1049 3867 tandem
1072 3812 1174 3888 poeta
1190 3819 1236 3864 ex

177 3916 330 3972 veterum
361 3930 457 3974 more
487 3916 593 3996 atque'
617 3909 782 3996 religione
812 3907 854 3975 ad
885 3929 960 3972 rem
990 3903 1237 3992 expediendam
1266 3989 1270 3999 1

177 4030 261 4072 usus
281 4020 329 4072 est
352 4008 406 4074 dci
423 4011 630 4090 ministerio,
653 4014 712 4100 qui
733 4012 867 4099 quidem
892 4010 965 4099 ipse
981 4033 1088 4074 manu
1105 4016 1239 4096 nra-gno

139 4216 141 4227 Ι
176 4110 493 4203 (quantaimagot)
515 4112 976 4208 Cloanthiu'arimimpellit.
1022 4114 1112 4178 Tum
1131 4111 1217 4176 haec
