2708 4636
528 298 852 365 ,audon-

69 494 72 500 ·
169 476 302 561 minum
325 473 427 541 classe
449 472 551 559 vulgo
567 470 797 559 minimeesse
820 462 1047 558 quaerendos,
1069 474 1217 548 multos-‘i

169 576 235 671 qne
250 580 299 648 ibi
311 580 433 666 inepte·
446 576 631 659 ingenioeos
646 586 681 639 ct
696 574 781 642 falso
802 577 971 641 acumine*
986 578 1157 665 delectari,
1179 586 1218 650 et:

166 692 233 774 pro
254 678 437 773 luminibus
457 678 633 743 venditare
654 700 708 759 ea,
732 701 818 764 qnae
836 679 968 766 sapiens
988 704 1089 749 nemo
1113 686 1219 752 vellet

169 786 303 870 dixisse,
324 806 423 850 nemo
440 781 529 846 dicta
544 779 722 870 probaret,
744 793 871 865 tamen,
887 795 926 847 ut
939 796 1032 870 puto,
1048 787 1132 852 illud
1152 810 1223 854 ne·

169 910 243 976 gart
255 909 326 952 non
341 896 493 974 potest,
491 883 618 950 abistis
639 907 721 971 quos
738 885 877 950 dicimus
890 886 1070 954 hominum
1083 891 1220 956 utrius·
1271 976 1272 981 η

169 1012 236 1080 qne
258 1012 361 1056 sexus
381 985 607 1074 ingenuorum
633 987 764 1052 circulis
785 1010 921 1070 omnem
947 988 1060 1053 abesse
1082 1015 1136 1056 ser
1136 1016 1219 1058 mo
1219 1026 1222 1037 ·

169 1094 229 1160 nis
240 1092 480 1168 rusticitatem
502 1089 654 1174 illosque,
676 1089 837 1176 quidquid
858 1092 1082 1157 inrebusaut
1103 1094 1217 1188 verbis

169 1195 315 1276 humile,
323 1190 526 1279 sordidum,
548 1190 718 1276 abjectum
741 1191 975 1285 plebejttmque
991 1206 1057 1274 est,
1080 1198 1214 1261 summo

168 1296 281 1363 studio
304 1285 422 1360 cavere
445 1307 546 1382 atque
561 1293 722 1359 aversari.
767 1293 888 1380 Atqui
893 1294 967 1360 sine
989 1297 1094 1361 isthac
1114 1299 1216 1378 laute,

169 1399 302 1465 urbane
323 1399 557 1484 eleganterque
576 1396 709 1461 dicendi
730 1404 810 1460 cura
832 1419 934 1462 nemo
960 1417 1111 1484 unquam
1128 1399 1217 1464 scri

41 1488 47 1499 ’
135 1545 150 1586 ·,
169 1511 251 1593 plor
275 1491 367 1589 opus
378 1500 487 1565 ullum
510 1496 762 1566 commendabit
789 1500 993 1566 aeternitati.
1036 1504 1080 1568 Et
1102 1492 1217 1586 qnan-
1196 1534 1221 1556 a·

160 1620 273 1691 'quam
287 1601 370 1668 haec
385 1622 438 1664 res
460 1625 529 1666 ιιοιι
542 1600 648 1686 magis
667 1600 709 1665 ad
731 1585 829 1667 islam
856 1601 898 1666 de
912 1603 1097 1670 luminibus
1113 1626 1217 1690 prae-

170 1704 371 1792 ceptionem,
394 1722 494 1790 quam
509 1704 647 1769 omnino
662 1702 704 1767 ad
720 1704 799 1791 styli
817 1705 1011 1796 elegantiam
1030 1717 1133 1788 atque
1149 1725 1215 1766 ve·

170 1817 341 1872 nustatem
354 1805 515 1892 pertinet,
537 1808 654 1875 tamen
666 1806 744 1892 qnia
758 1808 818 1890 vel
834 1808 980 1873 verbum
993 1828 1113 1894 parum
1131 1803 1214 1867 dili-4

170 1902 434 1994 genter‘lectum
457 1911 668 2001 permultum
689 1909 951 1996 unuscujusque
964 1908 1100 1975 luminis
1114 1906 1213 1971 dete-¹
1232 1972 1234 1977 ,

84 2070 86 2075 ,
170 2022 226 2097 ret
235 2009 427 2100 splendori,
451 2034 491 2078 eo
503 2011 617 2077 minus
632 2010 698 2077 hoo
713 2011 787 2091 loeo
801 2012 901 2083 nobis
914 2012 985 2078 'visa
997 2025 1048 2077 est
1059 2021 1215 2099 praetera

171 2112 353 2195 mittenda,
385 2112 474 2199 quod
489 2125 522 2178 et
535 2118 670 2203 praeter
691 2126 819 2204 ceteros
836 2117 994 2181 auctores
1011 2136 1049 2178 ea
1065 2111 1222 2192 maxilua·

170 2217 324 2305 indigent
338 2216 566 2283 admonitione
579 2216 716 2317 pqe'tae,
738 2229 837 2303 atque
854 2215 1002 2308 plurima
1021 2238 1097 2304 pars
1112 2213 1219 2298 juve-⁴

171 2329 258 2385 num
272 2318 429 2398 illorum,
451 2319 569 2404 quiex
583 2298 765 2382 academiis
784 2321 915 2386 reversi
938 2320 1050 2386 statim
1074 2315 1219 2382 adseri

170 2421 281 2510 banda
296 2421 445 2486 carmina
457 2420 639 2501 accedunt,
661 2421 703 2485 ab
717 2420 782 2485 hac
792 2434 889 2509 parte
902 2422 940 2490 ιιι
954 2421 1141 2489 maximam
1158 2417 1219 2481 in·
1216 2431 1221 2442 ⁴

137 2544 140 2549 ·
172 2501 637 2606 cumuntreprebensionem.
681 2522 784 2610 Quod
795 2524 951 2611 ‘inprimis
966 2525 1056 2590 valet
1069 2522 1110 2584 de
1123 2506 1221 2586 Ger-⁴

170 2645 351 2713 manorum
371 2627 495 2711 poetis,
531 2625 568 2691 in
588 2622 710 2708 quibus
732 2647 813 2710 quos
833 2625 1010 2692 hominum
1037 2620 1218 2688 venustio-
1273 2632 1277 2673 ἰ

147 2774 150 2778 .
171 2747 252 2792 rum
269 2726 406 2793 lectioni
428 2726 659 2807 commendes,
689 2727 824 2818 praeter
840 2729 1044 2796 Gessnerum
1065 2736 1098 2790 et
1117 2712 1246 2793 wie-'¹

171 2827 313 2896 landum
333 2854 460 2920 paucos
476 2831 566 2896 forte
580 2829 747 2919 reperias,
768 2854 847 2897 cum
869 2844 985 2898 contra
1000 2851 1116 2894 eorum
1134 2824 1222 2913 plu-¹

170 2931 253 2998 rimi
268 2933 303 2999 in
320 2933 455 3013 sordida
470 2934 666 3023 plebejaqne
685 2930 855 3018 dictorum
871 2934 1003 3026 licentia
1017 2929 1143 3018 ingenii
1158 2927 1221 2993 vi-'

173 3037 319 3100 deantur
332 3038 468 3102 landem
490 3057 663 3122 quaerere.
705 3038 815 3125 Atque
828 3049 868 3103 ut
881 3037 987 3125 capite
1003 3057 1119 3098 censos
1131 3032 1221 3097 nul-¹

172 3137 273 3220 laque
293 3138 358 3202 alia
380 3162 419 3203 re
439 3137 721 3205 commendabiles
744 3151 974 3228 praeteream,
1005 3140 1087 3205 duos
1110 3137 1215 3203 modo

172 3236 375 3323 nominabo,
398 3264 544 3326 quorum
564 3242 650 3307 alter
670 3241 707 3308 in
722 3267 783 3309 suo
800 3252 1049 3330 genereparem
1066 3264 1134 3305 nou
1147 3240 1215 3327 ha-

172 3341 238 3420 bet,
260 3342 346 3405 alter
357 3345 529 3430 praeclara
549 3344 685 3432 quaevis
705 3359 739 3412 et
755 3346 886 3433 egregia
900 3349 1060 3423 minatur,
1081 3341 1223 3428 Biirge-'

170 3466 250 3510 rum
271 3440 370 3532 atque
391 3446 643 3516 Blumauerum.
706 3447 862 3536 Quorum
883 3448 979 3535 prior
1003 3448 1039 3512 in
1062 3443 1217 3510 carmine

170 3546 248 3611 satis
263 3558 373 3612 cetera
382 3548 488 3614 faceto
503 3549 587 3653 haee
600 3549 713 3633 habet,
730 3550 933 3639 elegantiori,
948 3562 988 3616 nt
1001 3548 1133 3638 opinor,
1149 3569 1215 3613 nc·

171 3647 256 3713 mim
248 3648 451 3738 placiturta

298 3795 445 3858 Bedenk’
467 3817 502 3859 er
522 3797 612 3863 'mall
648 3799 715 3863 wie
737 3796 838 3862 schdn
861 3793 916 3859 das
936 3757 1000 3867 ist!

298 3881 489 3966 Verleger,
507 3883 754 3983 wohlgezogen,
862 3915 864 3917 >

299 3963 439 4025 Bezalen
462 3968 547 4043 oft,
560 3991 600 4029 zu
623 3968 727 4030 dieser
748 3968 845 4043 Frist,

119 4043 123 4056 '
183 4072 189 4085 ·
299 4039 368 4108 Mit
388 4051 566 4114 Loandos
575 4052 650 4114 deu
670 4054 812 4144 Bogen.
