2708 4636
144 346 153 378 Ι
188 350 192 367 Ι

520 327 842 421 '‘²5“-

158 501 262 566 unius
283 495 429 565 hominis
454 498 657 585 corpusculo
676 511 790 586 poscat
810 502 990 580 tumulum,
1011 511 1072 567 aut
1086 498 1200 565 funeri

158 603 271 669 stellas
284 624 346 690 pro
363 602 503 682 facibus,
526 624 590 686 pro
605 600 763 687 lacrymis
778 603 887 669 maria
901 603 1067 671 adhibeat.
1098 601 1200 689 Quae

156 704 226 771 fuit
247 698 369 793 p'oetae
389 702 564 787 cujusdam
587 702 728 791 Hispani
744 703 891 789 insania,
913 700 1007 793 cujus
1029 715 1149 771 extant
1161 702 1199 767 iu

134 820 302 877 ¹mortem
321 805 432 871 Caroli
448 804 559 890 quinti
572 805 623 870 illi
641 827 774 871 versus:
795 887 798 896 ἱ

198 930 262 990 Pro
275 930 400 988 tumulo
413 947 516 1008 ponas
534 925 655 1004 orbem,
671 948 735 1010 pro,
747 926 890 1010 tegmine
904 932 1040 1005 coelum,

240 1013 352 1076 Sidera
366 1031 426 1093 pro
442 1011 579 1087 facibus,
602 1034 662 1095 pro
681 1011 832 1095 lacrymis
846 1012 954 1074 maria.
970 1013 1006 1089 *)

152 1152 199 1223 At
222 1151 333 1216 hercle
359 1147 489 1213 tumulo
514 1150 635 1214 modus
658 1161 725 1228 est,
747 1147 901 1236 corporis
923 1148 1013 1231 qnod
1040 1148 1195 1214 conditur

89 1328 95 1334 ,
153 1251 359 1341 magnitudo,
404 1252 572 1316 Encelado
586 1251 721 1338 quidem
735 1251 812 1318 satis
826 1250 893 1315 fuit
908 1272 976 1315 una
989 1249 1097 1315 insula
1109 1249 1196 1316 Sici-

152 1357 217 1424 lia:
242 1353 353 1420 Caroli
375 1365 488 1419 autem
508 1354 641 1442 corpori
662 1355 794 1419 tantillo
817 1353 876 1439 qui
889 1352 1007 1418 orbem
1023 1365 1195 1418 terrarum

151 1468 281 1547 poscat,
302 1456 441 1544 perinde
459 1455 545 1520 mihi
558 1478 676 1543 sapere
690 1456 834 1539 videtur,
857 1479 894 1522 ac
908 1455 937 1520 si
950 1455 1029 1522 vivo
1044 1455 1194 1544 gladium

151 1561 265 1639 daret,
288 1581 354 1645 quo
379 1560 497 1623 lunam
516 1569 764 1645 tangeret,aut
782 1558 940 1646 quidquid
961 1573 1065 1637 terra,
1087 1557 1194 1623 silvae
1280 1596 1286 1611 x

151 1666 252 1746 atque
275 1659 383 1726 maria
397 1661 651 1755 'alimentorum
668 1661 812 1742 habent,
833 1685 903 1726 una
922 1683 1024 1727 coena
1040 1659 1193 1747 adpone-

151 1776 217 1830 ret.
242 1762 336 1852 Quid
349 1785 432 1850 opus
446 1775 495 1828 est
509 1763 630 1850 gladio,
646 1786 713 1850 quo
728 1786 795 1828 non
812 1764 913 1851 possit
926 1763 986 1843 uti,
1003 1773 1063 1827 aut
1077 1781 1193 1840 coena,

148 1875 312 1950 quantam
329 1863 358 1926 si
372 1863 548 1939 devoraret
555 1911 567 1943 ,
588 1864 752 1955 postridie
774 1863 865 1929 farne
885 1865 996 1951 perire
1012 1864 1075 1930 sibi
1089 1862 1194 1929 fuerit

148 1965 307 2032 necesse?
334 1963 518 2029 Enimvero
531 1969 681 2031 tumulus
698 1978 759 2048 est,
780 1965 942 2053 quidquid
956 1966 1054 2032 humi
1069 1968 1193 2031 exclu-
1272 2021 1281 2039 „

152 2065 245 2128 ditur
265 2084 406 2148 corpore
428 2064 575 2128 defosso:
597 2067 699 2152 idque
719 2079 837 2152 poetae
853 2066 946 2132 furor
962 2091 1005 2132 ne
1019 2064 1192 2132 tantillum

154 2162 291 2251 quidem
313 2162 456 2248 augebit.
498 2164 758 2250 superimponat
771 2166 846 2229 licet
861 2167 961 2232 urbes
977 2180 1076 2251 atque
1091 2191 1192 2233 mon·
1270 2176 1273 2182 '

150 2279 213 2345 tes,
229 2258 313 2330 haec
327 2256 441 2332 omnia
454 2268 608 2332 tumulus
626 2288 695 2331 non
710 2264 816 2352 magis
830 2278 940 2346 erunt,
955 2289 1057 2351 quam
1071 2269 1193 2355 viven-⁴

148 2369 191 2434 tis
211 2369 425 2456 Imperatoris
448 2367 614 2435 Palatium
644 2367 745 2433 vestis
767 2367 888 2437 fuerat
932 2372 1083 2455 Tegmen
1107 2391 1192 2437 vero
1286 2376 1293 2387 “

146 2474 286 2549 οοεῙυω
303 2496 373 2537 non
394 2470 637 2553 invidebimus,
660 2472 761 2539 modo
785 2470 904 2536 eodem
926 2483 960 2536 et
982 2483 1115 2539 ceterae
1135 2484 1196 2539 'res'

84 2647 87 2655 ,
147 2598 264 2640 omnes
285 2584 450 2662 tegantur.
502 2572 700 2662 Eodemque
730 2573 833 2639 modo
865 2585 899 2638 et
916 2574 1027 2640 sidera
1055 2577 1190 2642 luceant

146 2677 282 2758 funeri,
305 2678 385 2741 dum
402 2676 540 2756 adsunt3
562 2699 642 2742 nam
664 2675 722 2741 illa
738 2676 830 2741 hune
847 2675 880 2761 in
895 2675 1000 2743 finem
1016 2681 1134 2754 creari,
1149 2693 1190 2746 ut
1269 2718 1274 2732 ι

147 2792 246 2870 puto,
268 2780 421 2867 ineptum
442 2790 544 2860 esset,
567 2800 644 2843 curn
658 2777 809 2862 impensa
823 2781 931 2843 multo
946 2780 1072 2847 minori
1086 2781 1190 2846 fune-

144 2881 217 2955 bris
239 2903 365 2968 pompa
384 2880 545 2946 illustrari
558 2878 681 2968 posset.
725 2880 875 2970 Tandem
891 2881 981 2967 quod
999 2904 1062 2972 pro
1073 2885 1187 2971 lacry-

80 3060 83 3066 ,
145 2984 211 3052 mis
233 2983 342 3048 maria
364 2982 470 3070 ponit,
493 2983 520 3047 si
541 2982 648 3047 maria
663 2979 842 3047 haecdicit
857 2997 1041 3066 quaesunt,
1064 3006 1187 3073 parum

144 3087 250 3165 vidit,
272 3109 335 3174 pro
358 3083 515 3178 lacrymis
536 3083 624 3149 hanc
646 3106 768 3170 aquam
789 3105 857 3172 nun
879 3085 985 3171 magis
1007 3110 1107 3174 quam
1121 3110 1185 3175 pro

144 3189 227 3257 vino
246 3189 328 3278 poni
352 3209 446 3276 posse
453 3211 464 3267 3
493 3184 545 3250 sin
564 3186 719 3274 lacrymis
744 3206 808 3272 pro
829 3185 949 3251 Carolo
965 3188 1078 3278 effusis
1094 3213 1186 3256 nova

148 3294 226 3356 vult
239 3289 345 3356 maria
363 3291 516 3368 existere,
531 3288 722 3366 oculorum,
737 3285 855 3372 quibus
870 3289 935 3354 hoc
949 3302 1023 3356 erat
1036 3290 1187 3357 efficien-

153 3391 245 3474 dum,
265 3391 543 3482 magnitudinem,
559 3401 599 3458 ut
614 3389 746 3480 opinor,
768 3391 879 3458 animo
895 3393 1028 3458 metitus
1043 3403 1186 3460 nonest.

149 3539 352 3558 Ν

183 3632 211 3701 a)
228 3630 333 3688 Similis
357 3633 448 3710 priori
459 3625 554 3692 versui
568 3645 610 3686 est
625 3628 736 3686 Lucam
748 3629 891 3698 sententia,
911 3631 962 3705 qui
974 3631 1039 3692 Lib.
1054 3637 1134 3700 VIII.
1150 3637 1183 3697 iu

222 3717 364 3775 tumulum
377 3721 507 3798 Pompeii
518 3736 654 3797 perquam
666 3715 812 3792 pueriliter
825 3717 866 3770 sic
876 3715 960 3821 lupit:
991 3752 994 3758 -

510 3906 511 3910 Ἰ
582 3837 740 3897 Temeraria
752 3836 856 3902 dextra,

257 3925 318 3979 Cur
331 3923 421 3980 obicis
434 3927 540 4002 Magno
555 3922 708 3990 tumulum,
727 3942 881 3998 arianosque
892 3943 1023 4005 vagantes

213 4044 216 4051 ·
256 4007 404 4066 includis?
421 4040 501 4057 -·-
518 4014 679 4066 Romanum
694 4029 798 4065 nomen
812 4027 839 4066 et
853 4031 939 4070 omne

132 4116 135 4121 ’
215 4168 217 4173 ,
255 4095 414 4172 Imperium
426 4098 533 4174 Magno
550 4115 591 4154 est
603 4096 710 4157 tumuli
720 4096 938 4157 modus-etc.
