2708 4636
540 351 863 398 mmu-

178 485 266 575 e'um'
281 507 356 588 illo,
387 478 661 593 quem.ori1i1inis
693 504 844 592 pudendi
867 501 980 570 adfert
1006 502 1225 590 couscientia!

180 606 310 678 Eadem
331 611 446 699 paulo.
461 620 540 673 ante
557 606 654 692 fingit
675 605 791 672 rivum
810 608 948 696 eulpae,
983 627 1051 692 qua
1075 607 1225 695 Pyramo

179 734 243 778 suo
257 724 403 780 mortem
417 708 613 790 adscivisset,
636 711 811 776 atrocitate
824 708 1028 794 fugientem:

181 857 184 861 ·
226 834 273 896 Co
288 826 432 895 ruissea'u
448 829 514 890 fuit
529 813 714 906 d'horr'eur,
740 830 820 913 qu'il
834 851 851 890 a
867 828 906 891 de
922 850 997 890 mon
1014 827 1130 910 injure.
1199 902 1201 909 Α

179 952 322 1042 Nempe,
337 964 377 1018 ut
391 961 487 1038 puto,
504 937 729 1036 aniePy'rami
745 950 882 1015 caedem
894 959 1117 1035 stagnaverat.
1133 946 1231 1013 Haeo

86 1044 102 1065 “
181 1066 215 1119 et
240 1054 320 1119 talia
349 1053 454 1140 magis
479 1042 675 1140 ‘poetarum'
692 1063 772 1117 sunt
802 1050 928 1136 flagitia
955 1071 1058 1136 quam
1082 1071 1225 1128 errores

182 1155 277 1223 Adeo
294 1146 385 1221 enim
406 1155 559 1220 veritatis
579 1177 623 1218 ne
644 1153 750 1217 ullam
766 1153 903 1241 quidem
917 1151 1075 1219 umbram
1088 1151 1226 1233 habent,

126 1270 130 1276 '
179 1271 220 1324 ut
239 1259 292 1324 vel
308 1250 553 1347 imperitissimi
575 1258 738 1342 cujusque
755 1246 890 1322 sensum
911 1256 1024 1322 statim
1040 1253 1226 1326 offendant.

87 1349 112 1440 ,⁴
136 1390 149 1426 κ
179 1356 247 1430 Sed
267 1373 348 1440 sunt
370 1359 436 1425 alia
459 1380 531 1424 non
553 1357 668 1424 minus
691 1359 794 1443 falsa,
816 1356 902 1445 quae
915 1374 1030 1426 tamen
1040 1344 1151 1446 specie
1165 1381 1226 1423 sua

87 1459 89 1463 ’
179 1476 439 1548 nonnumquam
455 1459 556 1527 etiam
577 1453 855 1554 iirisimponant.
898 1460 1066 1549 Equidem
1082 1461 1227 1527 memini

178 1563 424 1657 Buhursium‚·
443 1563 624 1650 elegantiae
651 1565 798 1651 judicem
833 1565 910 1630 satis
932 1563 1108 1646 subtilem,
1133 1563 1226 1640 int'er

181 1661 411 1765 pulcherrimi
449 1664 658 1733 Graecorum
693 1661 958 1767 Epigrammata
978 1659 1108 1739 referre
1142 1664 1228 1736 illud

181 1766 355 1856 'Antipatri
371 1767 502 1836 Sidonii
524 1768 562 1834 iu
581 1770 751 1838 Venerem
772 1771 1047 1858 Anadyomenen,
1071 1767 1163 1859 quod
1176 1779 1229 1838 est·

181 1863 453 1943 ab'Ausonio'ita
467 1872 572 1940 latine
587 1872 777 1947 redditumt
826 1888 830 1903 ²
1303 1862 1307 1879 ⁴

126 2008 129 2016 ·
223 1993 386 2067 Emensam
401 1976 509 2080 pelagi
525 2020 629 2082 nuper
644 1992 843 2082 genitalibue
857 1992 954 2063 undis

181 2106 186 2119 ·
267 2077 392 2162 Cyprin
408 2083 536 2164 Apellei
550 2105 643 2144 cerne
658 2079 776 2142 laboris
791 2104 889 2165 opus:

116 2154 126 2239 f
224 2164 272 2224 Ut
291 2170 455 2248 complexa
471 2188 569 2228 manu
581 2167 726 2228 madidos
740 2167 813 2228 selis
830 2188 970 2252 aequore
987 2166 1091 2227 crines

265 2250 452 2312 Humidulis
468 2253 741 2336 spumasstringit
756 2267 893 2334 utraque
911 2252 1020 2321 comis.

222 2338 295 2402 Jam
310 2335 372 2396 tibi
388 2358 447 2398 nos
467 2338 582 2422 Cypri,
606 2339 693 2405 Juno
710 2336 820 2419 inquit
837 2353 871 2397 et
884 2336 1007 2398 innuba
1023 2337 1138 2416 Pallas,

268 2419 420 2482 Cedimus
436 2436 470 2482 et
483 2423 606 2485 formae
622 2419 762 2505 praemia
779 2419 964 2485 deferimus.

130 2549 134 2555 ¹
179 2556 220 2625 lu
238 2556 303 2620 hoo
325 2567 438 2620 tamen
457 2579 477 2620 a
491 2555 624 2623 Graeco
639 2555 805 2642 discrepat
820 2556 1010 2639 Ausonius,
1031 2557 1123 2644 quod
1138 2580 1226 2645 quae

178 2660 236 2726 hic
251 2659 269 2724 J
272 2678 419 2741 unonem
433 2668 534 2743 atque
544 2659 683 2726 Pallada
695 2659 788 2722 velut
800 2658 869 2742 jam
883 2661 955 2730 viso
969 2662 1113 2730 Veneris
1128 2661 1227 2748 signu

179 2762 327 2827 dicentes
341 2758 491 2843 inducits
502 2759 569 2843 illo,
585 2761 613 2827 si
631 2759 711 2848 quid
733 2758 894 2848 intelligo,
917 2764 964 2830 ait
986 2765 1129 2829 dicturas
1144 2786 1225 2848 esse,

178 2868 208 2932 si
230 2862 392 2929 viderint.
437 2863 533 2951 Quid
556 2875 669 2930 autem
689 2863 856 2929 dicturas?
880 2854 1003 2934 ‘Victas
1029 2888 1063 2930 se
1091 2864 1225 2932 formae

108 3001 120 3019 =
180 2968 328 3056 pretium
352 2966 478 3034 Veneri
496 2967 585 3033 ultro
607 2967 762 3053 deferre?
797 2966 844 3034 At
868 2967 944 3035 illae
963 2969 1100 3056 quidem
1123 2969 1230 3059 valde

180 3071 316 3155 ineptae
337 3066 478 3149 fuerint,
501 3069 530 3134 si
543 3072 606 3136 hoc
619 3069 775 3138 dixerint.
820 3070 913 3158 Quid
927 3071 1041 3136 enim?
1062 3071 1225 3157 Volyuitne

38 3158 43 3173 ’
102 3240 104 3245 ,
181 3181 282 3260 poeta
298 3172 361 3259 hoo
374 3168 574 3255 significara'
587 3171 714 3260 Apellis
728 3173 861 3258 siguum
872 3172 981 3243 forma
990 3177 1099 3241 Deam
1113 3174 1225 3262 ipsam

180 3270 346 3363 yincerei
375 3271 411 3335 ld
429 3271 563 3357 quidem
577 3272 653 3339 fieri
666 3276 796 3362 nequit,
817 3276 1089 3363 quandoquidem
1101 3277 1139 3365 in
1152 3278 1226 3345 Ve-

27 3453 35 3462 ,
120 3435 122 3439 ,
179 3397 264 3442 nere
284 3371 548 3461 pulchritudinis
570 3380 744 3465 exemplar
767 3391 817 3444 est
842 3393 1124 3478 consummatum.
1168 3380 1226 3447 Au

181 3475 427 3567 aequipararei
461 3477 575 3564 Itaque
599 3481 687 3566 quod
707 3481 810 3569 ipsius
828 3483 969 3549 Veneris
990 3485 1163 3571 adspectus
1186 3485 1224 3550 in

129 3642 131 3645 .
179 3579 314 3646 Deabus
339 3603 408 3645 nou
425 3579 553 3664 valuit,
582 3592 620 3645 ut
640 3604 709 3646 sese
728 3582 917 3650 faterentur
930 3585 1051 3666 victas,
1081 3586 1117 3651 id
1131 3589 1223 3676 apud

164 3670 313 3748 'easdem
342 3683 456 3769 imago
479 3683 649 3748 simillima
662 3685 803 3752 Veneris
821 3687 969 3752 valebit?
992 3687 1110 3774 Quare
1124 3704 1225 3778 poeta

181 3785 317 3851 'consilio
339 3807 400 3865 suo
420 3783 591 3868 excidens,
610 3786 820 3874 ¹'magnificas
842 3788 924 3876 queis
947 3788 1066 3856 artifici
1082 3794 1225 3879 parabat

141 3890 148 3896 ’
178 3886 308 3968 laudes,
330 3887 512 3977 sententiae
522 3884 670 3971 falsitate
681 3888 825 3978 ipsemet
840 3893 1001 3982 eorrupit.

183 4064 187 4071 ¹
231 4074 235 4081 ι
264 3986 442 4077 insigniori
469 4000 583 4063 autem
608 3991 753 4076 quadam
772 3982 903 4058 rationo
923 3987 1224 4084 reprehenduntur

179 4086 309 4189 lumina
323 4087 389 4170 illa,
411 4089 448 4159 iu
464 4091 584 4179 quibus
596 4105 733 4181 praeter
747 4093 923 4164 veritatem
937 4099 1037 4165 etiam
1052 4099 1224 4166 desidera-
