2708 4636
513 351 836 396 ...n-..-

155 501 255 591 Quae
276 499 591 589 postremahsbent
611 497 669 564 ills
688 521 768 564 sane
794 522 954 587 magnam
982 496 1202 575 sublimitatis
1229 456 1232 463 Ι
1291 567 1295 575 ,

153 605 317 693 speciem:
347 628 422 673 eam
448 627 530 668 vero
548 602 685 666 inanem
707 623 774 665 esse
796 602 874 666 inde
887 601 926 668 fit
948 606 1089 672 clarum.
1111 603 1202 689 quod
1305 671 1311 695 x

153 709 269 776 inillis
292 709 414 774 veritas
439 707 533 786 nulls
553 705 638 769 inest
661 704 703 769 ab
719 702 859 784 ratione,
881 718 914 771 et
929 731 971 771 ne
993 705 1202 774 acommuni
1262 726 1270 791 J

154 813 289 899 quidem
315 810 495 876 hominum
518 831 620 874 sensu
640 806 849 892 judicioque,
884 806 943 872 sed
964 808 1005 872 ab
1027 832 1096 876 una
1116 808 1202 874 reli

108 896 111 907 Ι
151 916 269 1012 piune,
300 915 394 1000 cujus
415 910 451 977 iu
473 910 705 997 hujuscemodi
724 911 828 976 rebus
851 909 1067 977 decernendis
1083 925 1204 1016 aucto·

152 1018 289 1086 ritatem
312 1016 440 1083 nullam
464 1037 534 1080 esse
536 1013 683 1101 debere,
705 1011 904 1100 utquisque
922 1024 972 1076 est
984 1003 1202 1103 perspicacis

152 1108 286 1203 simus,
302 1118 349 1184 ita
371 1119 520 1185 maxime
536 1088 746 1205 'intelligito
797 1113 1003 1203 Religionem
1029 1115 1128 1182 dico?
1149 1119 1203 1187 At

152 1245 196 1288 ne
210 1223 269 1287 illa
285 1218 421 1308 quidem
435 1221 540 1308 judex
553 1220 810 1312 Klopsto'ckium
827 1220 985 1286 absolvet.
1009 1219 1096 1284 Nam
1113 1232 1204 1295 certe
1284 1294 1288 1305 Ι

152 1325 266 1391 Deum
281 1347 387 1390 unum
403 1337 560 1409 statuens,
573 1326 668 1390 nullo
682 1323 849 1418 ejusmodi
862 1322 1057 1388 discrimine
1072 1345 1092 1386 a
1103 1334 1203 1410 patre

153 1426 265 1493 filium
291 1410 481 1542 distinguit,
504 1449 572 1513 quo
596 1430 732 1494 alterius
755 1427 796 1494 ad
820 1429 968 1494 alterum
992 1425 1068 1492 talis
1090 1447 1202 1491 sermo

152 1529 307 1597 excusari
320 1532 432 1617 possit.
476 1529 549 1597 Alia
571 1528 674 1615 longe
684 1554 737 1596 res
752 1531 850 1598 estin
863 1543 1015 1597 veterum
1032 1528 1202 1616 religione.

152 1632 192 1698 In
207 1656 275 1719 qua
289 1633 404 1720 ingens
418 1634 568 1700 Deorum
592 1656 756 1700 numerus
776 1634 948 1701 neminem
969 1632 1033 1698 uisi
1052 1632 1204 1720 philoso-

144 1735 261 1829 ¹phum
285 1735 445 1819 offendit,
480 1758 558 1802 cum
582 1736 782 1802 eorumdem
803 1739 840 1804 in
861 1738 990 1805 unitate
1018 1734 1202 1814 multitudo
1303 1810 1314 1831 χ

152 1860 214 1926 per
225 1863 260 1904 se
273 1840 462 1926 plurimum
476 1838 598 1904 lrabeat
610 1840 814 1931 offensionis.
844 1839 958 1928 Atque
972 1852 1100 1913 utrem
1115 1861 1203 1927 pau-

152 1938 199 2004 cis
212 1941 391 2020 absolvam,
410 1963 629 2026 quaecunque
642 1965 860 2008 communem
871 1943 1052 2008 hominum
1066 1941 1205 2028 fugiunt

153 2042 424 2126 intelligentiam,
446 2065 486 2106 ea
501 2043 630 2106 etiamsi
644 2066 738 2125 vere,
763 2045 926 2110 tamenin
945 2046 1039 2132 poesi
1054 2068 1134 2111 cum
1150 2042 1203 2127 iis,

156 2165 244 2229 quae
264 2154 343 2206 sunt
357 2140 451 2224 falsa,
472 2143 509 2206 in
525 2141 643 2206 eadem
660 2153 839 2207 censentur
855 2146 965 2209 classe.
1009 2145 1076 2212 Seu
1094 2171 1201 2237 pergo

59 2309 61 2326 ,
151 2248 198 2319 ,ed
213 2248 290 2314 alia

155 2406 159 2413 .
240 2345 440 2439 ineptissimi
457 2358 538 2443 sunt
558 2345 738 2436 Theophili
758 2344 878 2412 veteris
899 2345 1074 2432 cujusdam
1090 2349 1204 2418 Fran-

59 2482 62 2489 *
154 2455 274 2542 cogalli
305 2465 425 2542 poetae
452 2475 585 2532 versus,
629 2451 671 2515 ab
700 2455 769 2530 ejus
793 2447 900 2535 gentis
931 2448 1053 2515 criticis
1081 2455 1203 2518 merito

154 2582 253 2648 saepe
269 2555 475 2645 reprehensi,
500 2553 621 2640 quibus
636 2552 789 2620 Thisben
800 2550 931 2664 inducit
945 2551 989 2617 ed
1004 2552 1202 2624 exanimum

136 2661 294 2757 'Pyrami
309 2683 432 2748 corpus
447 2658 494 2724 ita
510 2660 725 2744 loquentemr

179 2782 267 2847 Ha!
296 2803 395 2862 vorcy
408 2776 439 2842 le
456 2777 627 2864 poignard,
653 2800 710 2862 qur
701 2776 773 2839 (lu
789 2799 868 2877 sang
883 2777 922 2839 de
937 2799 995 2840 son
1011 2779 1140 2841 maistre

196 2872 229 2934 δ’
238 2882 287 2930 est
299 2867 417 2928 souille
432 2865 641 2940 laschement,
665 2863 691 2923 il
704 2884 744 2923 en
761 2863 884 2948 rougit,
907 2869 938 2935 le
952 2865 1090 2927 traistrc.

150 2991 239 3062 Nam
261 2997 297 3050 ut
320 2981 476 3049 omittam
494 2982 692 3048 effrenatam
708 2981 798 3046 illam
811 2982 1084 3070 licentiamque
1100 2988 1203 3074 pugi
1256 3065 1260 3073 Ι

153 3091 213 3160 oni
235 3077 351 3156 sensus
371 3084 545 3163 tribuitur,
568 3083 686 3169 ecquid
703 3085 837 3174 turpius
852 3099 934 3170 erat,
945 3083 1059 3173 'quam
1072 3090 1202 3178 partim

152 3195 295 3265 in‘hunc
320 3189 449 3255 crimen
463 3187 611 3253 conferri
623 3187 717 3272 quod
732 3199 844 3252 totum
860 3200 932 3253 erat
947 3188 1097 3278 Pyrami‚
1116 3215 1203 3279 par-

152 3300 216 3373 tim
240 3281 404 3362 ruborem
433 3315 479 3357 ex
510 3292 667 3380 adsperso
696 3289 858 3377 sanguine
889 3303 1007 3357 natum
1037 3291 1204 3361 confundi

188 3505 216 3572 θ)
235 3501 399 3576 InDingen
415 3503 463 3559 des
476 3497 666 3558 Gesohmscln
679 3500 738 3555 und
752 3500 800 3555 cler
811 3497 919 3567 lirinis,
939 3499 1002 3555 sind
1017 3501 1135 3556 Grtindc
1148 3520 1200 3557 aus

166 3641 168 3644 1
439 3607 619 3729 surr
728 3603 788 3728 ιι
801 3587 1205 3731 :ausurum

199 3692 684 3838 'ihshiigiimnimiiii'gtina
697 3695 891 3837 ‚iim-1310„
899 3732 911 3827 ‚'
925 3693 1009 3814 muri
1023 3714 1088 3815 1110’1·
1096 3695 1202 3827 lusis:

158 3844 162 3852 '
225 3847 407 3903 entscheiden
426 3840 533 3913 collem
559 3868 615 3903 nur
632 3846 671 3902 als
690 3848 751 3903 eine
769 3851 891 3903 Artvon
903 3844 1202 3929 Uebcrlieferungdes

184 3932 186 3936 ’
224 3933 415 4000 Alterthnms,
435 3935 490 4008 gilr
511 3937 558 3991 ilir
579 3936 716 4009 Zeugniss
737 3932 818 3988 nicht
836 3934 920 3988 mehr
940 3935 998 3990 und
1016 3937 1097 3993 nicht
1110 3939 1202 3992 went

224 4038 275 4095 ger
303 4019 345 4076 alt
367 4021 454 4077 andro
472 4020 629 4098 Zeugnisse
648 4021 696 4076 des
714 4019 889 4077 Altertbums
908 4021 1012 4098 gelren.
1034 4055 1070 4068 -
1108 4027 1204 4089 Ham-

224 4104 379 4184 burgirchc
389 4109 589 4183 Drunsuugie
602 4127 664 4173 von
675 4109 803 4186 Lessing.
817 4112 842 4167 Ι.
858 4129 889 4184 p.
900 4120 945 4180 23.
