2708 4636
527 333 615 355 ·—
668 299 852 370 28...-

113 487 118 495 ‘
165 497 231 566 que
252 476 365 543 'modo
392 471 557 551 exsulare
581 474 711 552 conati,
755 471 1036 561 praestantissima
1055 471 1214 562 antiquae

163 580 262 646 artis·
279 590 318 643 >et
352 577 478 664 ingenii
514 598 635 663 opera,
655 576 845 662 turpissime
885 575 1213 645 contaminaverunt

165 679 274 775 Quod
292 682 427 768 sapiens
450 702 550 744 nemo
568 678 757 743 mirabitur.
800 681 1102 763 Nammagnorum
1117 681 1215 746 viro-

162 806 245 854 rum
266 785 395 852 imitari
414 803 525 847 mores
545 793 578 845 et
599 781 804 862 orationem,
834 780 967 846 nonnisi
997 793 1044 845 est
1066 783 1216 870 ejusqui

164 909 307 976 maguus
320 908 374 952 res
387 899 487 971 atque
502 885 584 976 altas
597 883 668 971 ipse
682 895 817 971 pectore
830 884 933 970 possit
948 884 1133 970 concipere.
1207 924 1208 927 =

107 1001 110 1009 '
166 1017 170 1025 ⁵
247 991 380 1058 Verum
402 1001 436 1053 et
449 989 534 1054 haec
559 1009 638 1075 pars
666 987 835 1059 nonnullis
858 984 994 1052 v'idetur
1016 988 1216 1059 illustranda

163 1080 357 1208 exemplis(
385 1093 562 1157 Praetereo
589 1092 809 1181 recentiores,
844 1089 1023 1173 inquibus
1051 1082 1137 1158 nihil
1164 1106 1215 1160 est

160 1195 229 1264 hoc
250 1195 337 1262 vitio
358 1193 579 1281 frequentius.
623 1195 715 1265 Malo
736 1193 819 1256 hacc
840 1191 888 1254 ibi
909 1191 1028 1276 legere,
1053 1195 1111 1259 ubi
1133 1207 1215 1262 sunt
1254 1208 1260 1217 ‘

160 1298 357 1388 quaerenda
376 1295 666 1388 evestigandaque‚
690 1306 722 1359 et
744 1293 833 1381 apud
855 1295 944 1374 illos,
966 1293 1025 1380 qui
1042 1307 1091 1360 tot
1105 1285 1214 1364 nitent
1237 1311 1247 1325 '

67 1474 73 1486 .
161 1392 364 1476 virtutibus,
398 1399 519 1485 utqui
544 1422 648 1463 unam
670 1398 838 1462 maculam
860 1395 984 1461 viderit
1009 1410 1043 1461 et
1072 1402 1216 1487 castiga-

161 1503 271 1582 verit,
293 1500 459 1566 acuminis
480 1513 581 1591 atque
603 1499 780 1564 audentiae
806 1499 1055 1587 propemodum
1078 1503 1215 1571 laudem
1308 1538 1317 1551 =

161 1605 341 1674 habiturus
377 1604 544 1668 videatur.
572 1605 677 1674 ‘Talis
714 1614 763 1666 est
797 1602 869 1668 sine
906 1593 1009 1667 dubio
1045 1603 1214 1689 Virgilius,

128 1732 130 1739 ⁴
158 1716 262 1799 poeta
283 1707 408 1792 judicio
429 1709 616 1785 excellens,
640 1716 675 1768 et
697 1715 735 1767 ut
764 1727 882 1769 rerum
904 1727 1103 1789 magnarum
1125 1708 1213 1784 altas

51 1811 58 1819 ’
96 1888 102 1895 ι
159 1832 308 1893 rumque
328 1810 521 1874 inventione
545 1819 737 1898 praestans,
760 1807 806 1870 ita
829 1807 883 1871 vel
902 1804 1054 1892 inprimis
1067 1805 1209 1891 sobrius,

144 1912 312 2001 ‚prudens
333 1924 434 1996 atque
459 1914 647 1998 castigatus.
676 1922 678 1925 ’
700 1907 773 1995 Qui
795 1920 910 1972 tamen
935 1906 1097 1975 Aeneidos
1120 1909 1208 1974 libro

159 2013 321 2095 secundo,
344 2015 402 2079 ubi
417 2016 643 2098 Trojanorum
665 2034 760 2074 arma
769 2008 908 2102 ‘Graeca
920 2009 1112 2077 indutorum
1131 2033 1211 2077 suc-

159 2140 292 2184 cessum
314 2117 483 2196 describit,
508 2116 592 2182 mibi
615 2113 752 2201 quidem
766 2111 944 2179 excessisse
956 2112 1100 2180 modum
1114 2114 1221 2189 videi
1243 2118 1249 2136 “

161 2220 449 2308 tursequentibus
467 2219 630 2285 versibus.
886 2202 899 2216 ⁵
1010 2202 1014 2225 ἱ

205 2357 362 2420 Vadimus
377 2357 651 2418 immixtiDanais
668 2354 754 2415 haud
768 2355 901 2416 numine
915 2370 1043 2438 nostro,

206 2446 383 2524 Multaque
396 2465 454 2524 per
470 2462 594 2503 caecam
614 2441 776 2524 congressi
790 2441 912 2520 pr'oelia
931 2443 1072 2502 noctem‘

205 2527 431 2605 Conserimus:
446 2531 574 2586 multos
596 2527 747 2584 Danaum
764 2524 961 2585 demittimus
978 2527 1075 2590 OrcO.

187 2611 395 2694 >Diffugiunt
412 2610 467 2669 alii
483 2609 522 2669 ad
538 2630 646 2683 naves,
672 2625 705 2669 et
719 2609 814 2668 litora
830 2629 926 2669 cursu

205 2694 286 2758 Fida
301 2708 436 2776 petunt:
460 2693 713 2777 parslingentem
728 2693 903 2755 formidine
917 2697 1006 2778 turpi

163 2792 166 2797 '
204 2778 373 2843 Scauduut
388 2802 496 2840 rursus
515 2788 645 2863 equum,
664 2794 701 2856 ¹et
716 2793 792 2838 nota
812 2779 996 2841 conduntur
1010 2781 1044 2840 in
1061 2786 1144 2847 alvo.

161 2935 227 3005 Hic
251 2933 405 3016 quidem,
429 2931 493 2996 nisi
514 2929 628 2997 omnia
651 2953 708 2995 me
730 2928 862 3025 fallunt,
882 2945 921 2998 ut
938 2934 1078 3022 quisque
1094 2957 1212 3002 sensus
1311 2941 1317 2954 ⁶

146 3048 262 3122 vatque
278 3032 397 3121 judicii
420 3033 599 3098 subtilitate
614 3035 809 3122 'plurimum
826 3035 958 3116 valebit,
981 3036 1027 3100 ita
1039 3038 1212 3125 postrema

159 3141 218 3209 illa
241 3134 399 3227 probabit
420 3135 567 3199 minime.
610 3138 680 3221 Ego
701 3149 790 3212 certe
813 3135 941 3217 fatcor,
978 3161 1033 3204 me
1053 3138 1117 3204 illis
1139 3163 1211 3206 uon

156 3261 282 3330 parum
299 3237 432 3302 offendi.
477 3238 581 3321 Cujus
598 3236 657 3317 rei,
673 3251 769 3325 puto,
793 3262 906 3304 caussa
925 3240 1011 3306 haec
1033 3252 1092 3317 est,
1117 3241 1209 3327 quod

158 3340 262 3430 pocla
282 3339 319 3403 in
338 3339 446 3405 isthac
470 3340 677 3406 Graecorum
691 3342 927 3430 'trepidatione
947 3344 1087 3410 modum
1107 3346 1211 3432 plano
1269 3354 1274 3362 ’

129 3480 141 3490 e
159 3442 318 3519 excessit,
338 3465 402 3532 pro
426 3454 520 3507 metu
534 3464 671 3531 prorsus
685 3443 857 3510 ridiculam
873 3443 1001 3531 fingens
1013 3446 1211 3528 amentiam,‘

158 3569 225 3634 qua
254 3545 395 3619 latibula
424 3556 593 3630 quaerunt
621 3568 729 3631 neque
756 3545 920 3634 expedita
950 3549 1006 3613 ad‘
1026 3543 1143 3632 fugam
1176 3551 1212 3613 et

157 3649 315 3731 omnium
340 3649 478 3713 fortasse
500 3648 640 3714 minime
661 3659 746 3715 tuta.
791 3651 961 3738 Quamvis
983 3648 1075 3715 enirn
1096 3663 1211 3715 metus

75 3766 80 3771 “
155 3749 274 3835 ingens
296 3761 443 3815 mentem
459 3750 667 3838 praecipitat,
689 3761 804 3814 tamen
821 3774 860 3816 ea
875 3752 980 3818 animi
996 3753 1210 3840 perturbatio

90 3855 95 3868 '
157 3852 293 3919 nonnisi
313 3873 353 3916 eo
374 3853 482 3954 valet,
508 3864 551 3916 -ut
568 3853 773 3942 trepidantes
790 3856 987 3941 proximum
1013 3855 1156 3942 quodvis
1176 3869 1211 3924 et

157 3954 307 4023 maxime
328 3966 446 4041 patens
466 3954 628 4039 effugium
651 3967 825 4042 quaerant,
849 3980 926 4024 cum
941 3959 1062 4025 Graeci
1075 3959 1127 4024 isti
1143 3961 1210 4026 hoc
1265 4019 1273 4036 ,

157 4080 246 4150 pene
270 4055 447 4124 videantur
470 4055 641 4144 meditati,
663 4071 703 4124 ut
722 4061 840 4126 locum
862 4073 896 4126 et
918 4062 1089 4129 difficilem
1105 4086 1212 4132 occu-
