2708 4636
517 354 608 425 ...Ι
646 315 698 409 Ι67
753 286 840 368 ...'.

197 500 322 565 Infelix
339 491 451 570 Dido,
475 482 559 555 nulli
571 492 655 559 bene
669 507 772 578 nupta
790 493 921 558 marito:

215 575 222 609 ³
240 588 315 649 Hoc
332 594 490 668 pereunte
508 578 612 664 fugin,
633 579 697 642 hoo
712 579 862 665 fugiente
876 580 973 664 peris.

151 706 244 785 Hoc,
265 700 378 790 inquit
395 696 655 783 Wesenfelaius,
676 695 827 784 quisquis
849 696 944 782 legit,
966 720 1037 768 non
1049 702 1193 777 Didonis

151 805 329 875 interitum
347 800 540 883 miseratur,
553 800 612 866 aed
623 808 741 891 poetae
755 797 923 885 argutiam
937 802 1091 873 miratur.
1117 809 1192 878 Au.

150 907 307 997 gustinus
328 916 438 987 certe,
460 903 520 988 qni
539 903 626 970 lecto
646 913 768 991 quarto
790 901 879 968 libro
892 902 1061 972 Aeneidos
1074 909 1191 1000 virgi.

151 996 264 1081 lianae
284 1018 431 1075 mortem
450 1005 592 1075 Didonis
605 1005 764 1094 lacrymis
779 1016 978 1094 prosecutus
1002 1018 1069 1092 est,
1097 1013 1190 1084 siccis

149 1114 216 1182 hoo
231 1113 438 1202 epigramma
452 1109 556 1175 oculis
569 1109 710 1198 legisset.
734 1107 840 1198 Quasi
856 1128 935 1174 vero
951 1108 1059 1176 isthoc
1072 1129 1192 1202 poetae

150 1217 330 1282 consilium
351 1211 469 1277 suisset
493 1221 553 1277 aut
569 1210 707 1277 omnino
723 1228 794 1279 esee
810 1209 995 1295 debuisset,
1017 1226 1057 1279 ut
1073 1216 1192 1306 legen-

150 1319 238 1384 tium
260 1313 365 1382 oculis
386 1315 554 1402 lacrymas
567 1323 758 1380 excuteret:
781 1313 838 1400 qui
854 1325 944 1380 certe
959 1315 1045 1382 nihil
1057 1333 1193 1408 specta·

149 1418 202 1491 vit
222 1416 311 1484 aliud
331 1417 395 1482 nisi
418 1415 483 1481 hoo
497 1437 624 1500 unum,
644 1428 685 1481 ut
698 1416 866 1502 singulare
881 1416 964 1484 illud
977 1418 1119 1488 Didonis
1132 1424 1199 1495 ine

148 1520 339 1588 iortunium
366 1530 400 1583 et
421 1517 630 1608 paucissimis
646 1515 758 1583 verbis
773 1529 808 1583 et
822 1541 862 1584 eo
877 1519 1064 1589 declararet
1075 1526 1192 1612 modo,

148 1623 209 1712 qui
235 1621 364 1687 valeret
381 1621 425 1687 ad
447 1619 716 1686 admirationem.
746 1616 849 1707 Quod
863 1620 988 1709 partim
1004 1630 1191 1698 sententiae

97 1736 100 1741 '
148 1722 360 1814 simplicitate
380 1721 506 1810 partim
522 1719 711 1787 admirabili
726 1719 882 1808 antitheti
899 1725 1127 1796 concinnitate
1141 1733 1191 1803 ite

147 1846 289 1916 prorsus
308 1835 358 1889 est
378 1825 563 1915 adsecutus,
588 1835 626 1890 ut
646 1822 767 1909 melius
781 1840 852 1890 non
865 1827 1027 1915 potuerit.
1070 1835 1191 1905 Mirari

147 1930 253 2016 igitur
272 1947 335 1988 nos
354 1924 464 1988 voluit
484 1937 585 2012 poeta
603 1925 670 1991 hoc
693 1925 761 1990 tale
787 1921 927 1994 Didonis
948 1927 1191 2024 infortunium,
1215 1960 1220 1969 ·

147 2029 319 2095 Didonem
336 2034 450 2115 autem
472 2025 624 2090 miserari
642 2037 702 2091 aut
721 2027 883 2110 lacrymis
906 2030 1008 2096 mam
1031 2041 1192 2126 prosequi

149 2148 221 2194 non
234 2121 345 2213 voluit
360 2143 471 2207 neque
486 2122 572 2187 velle
584 2125 712 2212 potuit,
732 2127 893 2208 quoniam
910 2151 979 2193 non
991 2146 1042 2198 est
1054 2135 1118 2203 hoc
1133 2141 1192 2206 ul·
1297 2154 1300 2159 ’
1318 2210 1326 2233 „

148 2229 217 2298 lius
228 2222 477 2316 epigrammatis
491 2245 615 2289 munus
631 2233 691 2289 aut
704 2223 892 2292 consilium.
916 2230 1066 2296 Omnino
1081 2236 1108 2299 si
1118 2238 1193 2324 ipsa

147 2330 238 2400 Dido
255 2327 310 2391 vel
325 2327 362 2392 in
378 2328 530 2394 carmine
546 2325 642 2413 epico
655 2326 713 2391 vel
723 2325 762 2409 in
775 2329 947 2415 tragoedia
960 2324 1193 2425 induceretur,
1269 2406 1279 2436 Ι,

146 2435 192 2502 ita
214 2432 371 2519 loquens,
398 2431 457 2496 Me
476 2429 656 2497 miseram!
679 2428 766 2494 nulli
791 2430 950 2518 equidem
977 2437 1192 2511 maritorum
1225 2440 1230 2451 “

146 2535 236 2601 bene
255 2525 378 2620 nupta}
400 2532 465 2605 hoc
486 2544 654 2623 pereunte
678 2530 789 2618 fugio,
812 2557 919 2624 pereo
942 2538 999 2606 illo
1024 2540 1190 2630 fugientes

147 2637 183 2706 id
208 2659 312 2724 quam
335 2637 487 2703 maxime
509 2636 601 2703 foret
612 2635 816 2713 absurdum,
859 2640 936 2726 quia
956 2641 1038 2710 haec
1058 2670 1130 2714 non
1142 2662 1191 2719 est
1320 2700 1324 2709 -

115 2739 256 2830 ,ipsam
278 2760 313 2803 se
327 2739 512 2805 miserantis
525 2740 644 2805 oratio.
688 2737 754 2805 Sed
771 2763 792 2805 a
805 2753 904 2826 poeta
920 2755 954 2809 et
968 2743 1005 2809 in
1017 2748 1219 2832 epigram.'
1315 2749 1322 2760 '

147 2854 239 2917 mate
258 2841 407 2922 dictum,
429 2840 520 2904 idem
543 2854 578 2906 et
591 2841 766 2929 praeclare
780 2839 900 2909 dicitur
912 2855 945 2908 et
961 2869 1023 2911 suo
1039 2848 1124 2914 loco.
1209 2872 1216 2883 ’

232 2944 299 3011 Sed
324 2946 458 3030 praeter
479 2942 669 3008 carminum
692 2961 815 3027 genera
836 2954 936 3030 atque
958 2945 1190 3023 diversitatem

145 3041 302 3136 inprimis
315 3044 417 3109 etiam
429 3040 668 3110 consideranda
683 3060 732 3107 est
742 3043 829 3111 ratio
841 3057 1213 3141 personarum‚aqui.·

146 3149 209 3216 bus
231 3169 386 3235 quaeque
407 3146 575 3213 dicuntur.
620 3145 736 3231 Neque
751 3147 843 3212 enim
860 3149 978 3215 eadem
992 3154 1087 3220 omni
1101 3166 1191 3224 tem·

144 3258 233 3342 pore
251 3262 310 3316 aut
331 3250 405 3315 loco
428 3248 518 3314 dicta
534 3247 577 3314 ab
591 3246 730 3330 iisdem,
753 3247 873 3316 eodem
888 3253 990 3318 modo
1005 3257 1191 3327 aestiman-

95 3354 103 3363 ’
146 3364 220 3436 tur,
243 3353 375 3438 aliaque
396 3351 536 3440 singulis
560 3352 664 3418 etiam
685 3351 722 3416 in
744 3354 913 3421 sententiis
926 3355 1031 3424 animi
1048 3383 1191 3451 compo·

146 3456 203 3524 siti
224 3466 258 3520 et
279 3456 453 3542 tranquilli
478 3466 527 3521 est
549 3455 674 3536 oratio,
690 3453 761 3521 -alia
775 3455 1024 3525 vehementiori
1040 3463 1191 3548 quodam

145 3570 245 3628 motu
267 3558 391 3643 agitati.
446 3556 547 3647 Quae
569 3580 623 3625 rea
642 3567 713 3622 tem
725 3557 816 3624 olera
829 3560 931 3627 estin
947 3584 1002 3641 se,
1024 3573 1065 3628 ut
1079 3586 1191 3654 neque
1305 3574 1312 3588 ·“

146 3660 288 3728 uberius
311 3657 514 3748 explicanda
533 3680 644 3745 neque
664 3660 851 3727 multorum
875 3663 1112 3753 exemplorum
1133 3664 1192 3737 lu'-

95 3758 100 3769 ’
146 3765 241 3832 mine
269 3762 466 3835 illustranda
484 3759 663 3828 videatur·
694 3762 810 3829 Unum
833 3761 984 3830 adferam
1003 3789 1023 3831 e
1045 3769 1189 3858 Virgilio,

145 3859 238 3953 quod
262 3861 372 3928 nescio
390 3885 434 3929 an
457 3863 530 3931 aliis
543 3888 695 3952 quoque,
717 3864 802 3930 mihi
815 3879 907 3933 certe
922 3888 1057 3959 semper
1071 3872 1192 3965 displi-

148 3969 228 4034 cuit.
259 3963 417 4034 Nobilem
436 3967 531 4035 illam
550 3966 627 4034 dico
648 3966 870 4057 omniumque
891 3990 1050 4041 sermone
1073 3978 1190 4047 tritam

148 4069 370 4150 sententiam

784 4171 858 4244 En
