2708 4636
464 320 552 343 ι·-
585 283 659 356 ἰὅὸ
698 320 787 345 -υ

110 464 239 533 timum
251 441 415 531 interesse
426 459 685 529 existimamus«
714 456 931 549 Quanquam,
952 475 993 532 ut
1007 465 1159 559 optima,

112 572 191 634 rum
203 591 320 634 rerum
334 563 547 655 quarumvis,
568 563 664 628 itaet
679 561 822 648 hujusce
837 569 973 652 generis
984 571 1153 657 quaedam

113 681 165 735 est
178 668 448 760 intemperantia,
470 666 508 732 in
522 687 624 753 quam
638 667 789 755 prolapsi
800 666 928 752 aliquot
939 673 1154 760 superiorum

112 770 280 858 inprimis
296 774 491 857 temporum
505 768 575 832 viri
592 766 689 850 docti,
710 768 888 834 universae
902 772 970 850 arti
981 776 1070 863 apud
1086 775 1158 841 im.
1258 835 1264 855 .·
1279 796 1281 800 ·

113 873 239 963 peritos
270 873 437 960 quandam
466 870 641 940 infamiam
663 884 875 941 contraxere.
937 875 1048 960 Atque
1070 877 1160 950 mihi

27 1001 30 1009 ’
114 997 321 1063 quamquam
345 983 559 1046 summorum
578 975 702 1040 veteris
718 975 801 1040 saevi
823 973 1027 1062 scriptorum
1040 982 1157 1066 operi·

115 1077 179 1142 bus
191 1077 339 1142 maculas
353 1077 555 1157 abstersisse,
580 1076 742 1143 eximium
757 1075 941 1163 quoddam,
965 1102 1004 1144 ac
1016 1082 1156 1168 dignum

113 1180 286 1267 ingenioso
307 1178 380 1245 viro
402 1202 527 1244 munus
555 1177 729 1259 videatur,
772 1179 988 1266 singulasque
1007 1183 1158 1270 Bentleii,

114 1282 233 1370 Lipsii,
256 1280 464 1370 aliorumque
479 1280 726 1348 emendationes
743 1284 929 1372 peperisse,
951 1307 1054 1369 quam
1073 1309 1159 1369 ope·

115 1382 161 1451 ris
175 1384 266 1450 haud
282 1385 520 1453 contemnendi
540 1395 715 1452 auctorem
736 1408 793 1451 me
806 1409 877 1452 esse
890 1387 1023 1464 malim,
1046 1398 1159 1455 tamen

116 1509 173 1553 nos
187 1486 332 1574 probare
346 1487 490 1556 minime
502 1487 637 1574 possim,
647 1532 648 1537 κ
660 1487 719 1572 qui
737 1500 891 1553 veterum
906 1488 1009 1554 libros
1025 1485 1161 1578 legendi

115 1591 344 1677 tractandiqu'e
358 1588 536 1656 consilium
551 1590 658 1656 isthac
673 1612 792 1655 unare
805 1590 1060 1659 terminandum
1075 1616 1161 1665 cen-

116 1705 266 1765 suerunt,
311 1692 430 1782 Quare
448 1692 513 1758 hoc
526 1693 661 1780 quidem
680 1703 873 1758 constanter
893 1695 1076 1759 tenendum
1099 1707 1161 1776 est,
1246 1744 1249 1759 ,

117 1809 269 1865 auctores
284 1795 429 1862 Graecos
443 1795 649 1886 Latinosque
659 1819 728 1862 non
742 1794 869 1876 haberi,
892 1818 960 1882 quo
976 1799 1164 1865 emenden-

88 1903 96 1920 “
119 1892 187 1980 tur,
199 1887 256 1964 sed
270 1896 456 1976 emendari,
478 1910 518 1962 ut
532 1898 653 1963 rectius
666 1909 767 1984 atque
780 1899 972 1987 expeditius
986 1901 1162 1988 leganturt

118 2014 291 2066 caeterum
316 1996 382 2064 ista
401 1996 575 2079 facultate,
596 2022 674 2065 cum
698 1999 740 2065 ad
761 1988 956 2092 accuratum
980 2024 1018 2068 ac
1039 2004 1179 2083 subtile„

12 2147 15 2151 ‚
119 2124 238 2169 rerum
261 2099 514 2184 verborumque
530 2099 714 2183 judicium,
735 2112 810 2169 tum
832 2103 875 2167 ad
896 2104 1007 2190 pulcri
1025 2128 1164 2176 sensum
1267 2116 1276 2128 '

122 2226 225 2296 quam
240 2199 574 2292 plurimumprofici.
616 2199 670 2269 Ad
689 2224 791 2288 quem
808 2202 913 2269 finem
934 2205 971 2284 si,
993 2220 1033 2270 ut
1047 2229 1166 2271 omnes

122 2302 251 2385 vestros
264 2304 411 2386 labores,
432 2305 480 2372 ite
501 2304 565 2371 hoo
585 2325 722 2392 quoque
734 2302 883 2369 studium
900 2305 1067 2392 dirigetis,
1090 2319 1165 2374 tum
1235 2305 1264 2399 'x

121 2407 274 2502 profecto
286 2407 362 2489 erit,
383 2407 555 2479 curillarn
577 2429 712 2494 quoque
729 2407 900 2472 doctrinae
911 2419 1043 2496 partem
1055 2410 1167 2498 impe-

123 2510 264 2581 ritorum
279 2510 400 2601 ineptis
416 2510 629 2578 sermonibus
644 2509 776 2598 saepius
798 2510 999 2600 exagitatam
1015 2513 1168 2597 coluisse,

124 2615 190 2711 ipsi
201 2615 296 2682 vobis
314 2615 546 2706 maximopere
568 2612 797 2709 gratulemini

210 2821 279 2905 Vos
300 2830 414 2886 autem
432 2841 555 2905 quaeso
573 2840 709 2899 omnes,
728 2818 810 2883 novi
824 2807 961 2906 cursus,
979 2844 1080 2908 quem
1097 2823 1169 2890 istis

128 2923 358 3010 auspicamur,
380 2920 487 2987 stadia
507 2919 663 3004 ingressi,
684 2941 784 2986 verae
806 2920 977 2987 studentes
995 2923 1105 3005 laudi,
1128 2934 1170 2989 ut

127 3023 252 3099 fecistis
273 3021 396 3103 adhue,
417 3043 520 3109 porro
539 3042 620 3108 cum
631 3019 768 3110 publica
778 3021 956 3109 debitaque
969 3047 1073 3117 opera
1093 3016 1170 3114 pri·-¹

129 3140 243 3193 vatam
258 3135 360 3209 atque
372 3122 588 3190 honorariam
601 3122 804 3190 industriam
819 3125 974 3212 gnaviter
986 3125 1172 3216 conjungi·
1243 3183 1248 3189 .

129 3212 175 3303 te.
220 3228 323 3318 Quod
344 3225 394 3291 uti
417 3224 581 3309 feceritis,
609 3226 656 3292 ita
679 3236 808 3292 vestrae
829 3251 907 3293 cum
921 3228 1073 3312 utilitati,
1095 3233 1172 3296 tuni

132 3334 223 3423 apud
241 3331 406 3422 optimum
427 3348 615 3415 quemque,
636 3341 766 3396 vestros
785 3330 957 3412 maxime,
979 3331 1039 3416 qui
1058 3354 1118 3396 vos
1133 3333 1176 3428 in
1259 3364 1269 3408 ,·

134 3436 248 3503 ausimo
263 3446 364 3522 atque
381 3431 486 3499 oculis
499 3428 626 3519 ferunt,
647 3432 801 3523 doctores
819 3431 1062 3526 existimationi
1071 3454 1172 3527 prae·

134 3539 222 3613 ctare
236 3534 425 3631 consuletis·
