2708 4636
507 327 828 409 -τ-95-·-

129 499 325 582 hominum
340 499 426 566 vitia
444 497 653 588 ineptiasque
670 496 814 577 rideres,
842 494 967 585 satyris
988 495 1069 580 tuis,
1085 519 1189 586 opere
1207 521 1210 527 ·

84 610 87 615 ’
145 626 285 693 prorsus
301 603 428 683 divino,
452 622 654 667 careremus.
687 597 871 686 Superiora
883 610 995 664 autem
1009 599 1067 664 illa
1084 621 1195 684 quan·⁴

145 718 263 795 tepere
283 705 424 771 modum
439 704 656 784 excederent,
685 700 843 766 videntur
865 701 1018 789 sensisse,
1040 701 1099 794 qui
1121 702 1190 768 hoo

146 830 284 876 carmen
306 809 451 874 latinum
472 805 708 887 reddiderunt,
731 804 910 891 Langletus
931 817 963 873 et
981 803 1189 888 Blandellus,

79 985 82 990 ,
145 910 214 977 viri
225 910 410 992 clarissimi,
432 932 579 996 quorum
594 910 680 974 alter
692 909 739 973 sic
753 920 900 989 vertens,
1203 902 1220 915 ‘

276 1032 413 1092 Delecta
430 1031 558 1092 summis
575 1029 717 1103 turribus
732 1026 854 1090 insidet

274 1116 377 1176 Enses
396 1137 563 1181 coruscans
582 1115 668 1177 mille
683 1115 788 1175 virum
807 1133 931 1191 manus,

317 1203 508 1286 Dextraque
525 1203 639 1262 fatales
653 1200 790 1262 rubente

208 1343 213 1355 ,
317 1289 468 1369 Desuper
481 1291 660 1371 ejaculatur
676 1287 798 1371 ignes„

58 1432 61 1435 ·
146 1404 233 1471 alter
245 1405 541 1481 illorsubstituens
556 1429 684 1489 versus,
723 1480 724 1484 Ἰ

597 1527 713 1609 Atqui
703 1524 896 1588 moenibus
913 1519 1019 1586 arduis

274 1611 380 1675 Stant
382 1613 486 1674 lecti
477 1635 623 1699 jurenes,
648 1611 837 1673 horrificant
852 1610 937 1671 diem

315 1699 465 1760 Funestis
481 1704 596 1780 procul
612 1696 758 1794 ignibus:

274 1783 366 1866 Muri
384 1783 540 1844 fulminea
556 1781 712 1868 grandine
725 1795 912 1863 personant,

148 1896 295 1965 Boilavii
308 1900 508 1966 sententiam
523 1901 619 1967 ineni
633 1911 768 1964 tumore
779 1898 1023 1966 liberaverunt.
1174 1972 1181 1981 ,

236 1999 323 2064 Mihi
341 2000 479 2083 quidem
493 2003 595 2066 etiam
616 2003 701 2066 solet
715 2000 893 2091 displicere
907 2002 966 2068 illa
981 2013 1099 2090 poetae
1115 2021 1196 2084 cum

106 2096 110 2105 '
154 2096 359 2192 imperatore
379 2113 473 2163 contr
475 2103 546 2165 ntro
576 2125 595 2164 a
614 2101 776 2186 Dionysio
803 2113 905 2186 poeta
931 2103 1079 2188 quodam
1105 2103 1197 2171 Ger-

153 2221 256 2278 manp
272 2221 342 2263 non
353 2196 494 2287 ignobili
509 2200 617 2264 iacta·
636 2205 668 2282 *)

196 2319 273 2401 Hub
301 2319 377 2383 dein
401 2320 578 2382 Herrscher
598 2319 660 2380 den
686 2317 808 2403 Spiese,
834 2319 932 2381 hubst
953 2321 998 2381 du
1022 2321 1097 2384 dein
1115 2324 1198 2384 Har·

195 2490 323 2577 Schlug·
341 2513 376 2552 er
401 2490 593 2553 Sehlachten
618 2490 673 2586 der
694 2491 800 2568 Held,
818 2405 970 2576 {iiiiiigedt
988 2490 1032 2552 du
1048 2490 1101 2554 die
1129 2492 1198 2555 sai·

816 2592 871 2637 ten
885 2597 944 2652 ³113

195 2661 308 2725 Kehrt’
321 2685 356 2724 er
371 2663 481 2748 Sieger
494 2663 626 2741 zuriick,
653 2662 799 2725 kehrtest
816 2661 859 2722 du
874 2662 985 2750 Sieger
998 2663 1094 2741 ancli,

358 2749 491 2810 Ervom
506 2748 614 2824 Fclde,
637 2771 712 2812 vom
727 2747 838 2813 Liede
849 2747 933 2808 du.-

150 2865 227 2933 Non
243 2886 303 2954 ego
316 2864 471 2954 profecto
486 2886 633 2953 poeseos,
648 2888 752 2952 quam
767 2865 908 2930 maximi
899 2865 1080 2954 equidem
1096 2867 1197 2952 facio,

80 2990 90 2999 ·
150 2969 289 3036 laudem
310 2967 516 3047 extenuabo,
538 2966 808 3053 neque'omuino
826 2966 934 3032 dicam
956 2980 1074 3056 poetae
1093 2994 1198 3058 prae-

154 3071 238 3165 clari
263 3064 401 3158 gloriam
424 3070 592 3133 minorem
611 3090 796 3154 essequam
814 3067 907 3134 ducis
929 3085 988 3138 aut
1009 3074 1199 3164 imperato·

130 3228 131 3232 ,
152 3173 219 3254 ris3
239 3172 325 3238 illud
342 3185 454 3238 autem
470 3193 618 3237 asserere
630 3169 773 3236 minime
788 3171 918 3255 dubito,
947 3175 1080 3241 isthanc
1094 3167 1198 3244 talem

117 3358 121 3365 Ι
152 3288 276 3364 poetae
299 3299 378 3340 cum
392 3275 597 3362 imperatore
612 3274 864 3341 contentionem
878 3288 912 3341 et
926 3279 1063 3345 inane-m
1080 3303 1153 3346 esse
1164 3285 1199 3345 et'

112 3450 119 3460 x
157 3378 296 3442 modum
311 3379 410 3467 plane
425 3377 602 3442 excedere.
646 3377 786 3442 Inanem
802 3378 888 3460 dico,
911 3382 1090 3470 quisquae
1105 3382 1198 3448 utri-

159 3479 223 3562 que
241 3482 435 3546 communia
456 3481 672 3559 referuntur,
700 3502 771 3544 non
791 3504 835 3547 ex
856 3483 991 3548 in'terna
1006 3485 1056 3548 rei
1075 3496 1199 3549 natura

65 3597 67 3601 ’
161 3578 331 3666 depromta
362 3596 456 3668 sunt,
499 3584 557 3648 sed
587 3582 628 3648 ab
649 3584 798 3670 ejusdem
827 3586 936 3671 specie
958 3599 1059 3672 atque
1085 3574 1198 3654 forma

81 3693 87 3710 “
156 3683 272 3772 petita.
315 3687 355 3752 In
377 3687 442 3751 hoo
462 3687 553 3752 euim
572 3691 731 3754 convenit
747 3700 868 3776 poetae
885 3712 963 3753 cum
979 3688 1197 3776 imperatore,

144 3779 249 3873 ¹quod
263 3801 403 3876 uterque
417 3788 542 3876 aliquid
565 3794 696 3888 tollunt,
718 3792 859 3879 pellunt,
875 3803 909 3856 et
931 3791 972 3855 ab
994 3815 1094 3881 opere
1115 3816 1195 3882 per·
1208 3807 1211 3811 ’

153 3887 245 3956 fecto
262 3905 493 4005 revertuntur.
536 3895 592 3962 At(
570 3895 640 3983 tqui
656 3894 704 3960 sic
719 3893 858 3982 ignobili
872 3894 975 3962 cuivis
992 3893 1105 3986 opifici
1118 3919 1196 3963 cum

153 4022 366 4038 m

190 4098 218 4165 *t
235 4098 282 4154 An
294 4098 450 4158 Friedrich'
451 4122 464 4159 s
476 4105 585 4164 Bardeu
599 4103 735 4172 (Raraler)
748 4123 808 4161 von
821 4105 922 4164 Denis.
