2708 4636
508 333 834 403 ...ιδμ-

109 573 111 576 ι
142 505 436 586 aetate-:naturis
448 494 521 592 ipss
541 504 728 593 castigavit.
743 509 776 590 *)
816 505 870 572 Ex
883 505 949 595 boo
965 524 1091 590 genere
1103 528 1192 595 quo-

146 596 215 702 que
239 625 288 680 est
309 604 392 677 nius
414 609 587 676 Plutarchi
609 609 646 673 in
664 607 737 673 vata
755 608 939 676 alexandri
953 610 1080 699 Magni.
1098 630 1101 647 ι
1123 608 1192 679 un

146 740 225 784 cum
248 714 417 780 retulisset
440 712 569 777 dictum
590 710 726 796 aliquod
742 709 901 798 lle'g‘esiae
920 712 1102 800 Magnesii‚
1129 735 1193 779 nee
1222 784 1226 794 .

145 843 222 891 meo
233 806 362 905 judicio
373 813 472 880 valde
486 811 699 900 ingeniosum
716 813 886 897 videlicet,
906 816 1103 882 mirandum
1118 838 1191 881 non

146 947 230 1006 esse,
254 920 360 1011 quod
367 940 435 1002 qua
456 926 555 980 nocte
572 915 768 983 Alexander
787 929 984 982 nasceretur
992 904 1207 1008 ,templum

144 1027 276 1095 Dianae
305 1019 472 1112 Ephesiae
503 1019 766 1108 deflagravisset‚
809 1019 902 1108 quod
927 1020 1092 1087 nimirum
1118 1022 1192 1086 Dea

143 1129 249 1194 domo
263 1124 403 1191 absens
393 1147 430 1189 ιιι
444 1146 485 1189 eo
496 1136 598 1212 partu
613 1123 795 1191 obstetricis
806 1145 951 1189 munere
966 1135 1051 1187 esset
1064 1122 1193 1204 functa,

146 1229 249 1305 addit,
272 1239 407 1294 tannem
419 1226 566 1319 frigus
552 1253 588 1294 sn
604 1229 671 1294 isac
693 1228 867 1296 sententia
882 1225 1005 1306 inesse,
1027 1237 1065 1291 nt
1079 1226 1198 1337 ipsiqrq

146 1328 345 1398 incendium
357 1332 570 1421 restinguere
578 1333 760 1420 potuisset.
806 1331 910 1417 Quo
899 1330 1046 1420 ineptius
1070 1323 1191 1418 pueri-

144 1436 278 1522 liusque
292 1433 357 1499 dici
372 1433 458 1500 nihil
469 1445 613 1523 poterat.

229 1539 358 1608 Verum
388 1537 551 1602 addamus
572 1537 664 1602 hisce
688 1538 801 1605 adhue
821 1539 988 1605 nonnulla
1008 1504 1190 1626 poetarum

146 1644 312 1732 exempla.
354 1638 534 1707 Absurdus
555 1651 605 1704 est
627 1641 719 1728 apud
733 1640 898 1708 Senecam
919 1639 1085 1727 tragicum
1101 1637 1193 1704 Her-

147 1748 237 1814 cules
251 1745 294 1811 ab
308 1743 391 1810 Jove
400 1742 506 1828 recipi
520 1741 557 1806 in
572 1744 706 1809 coelum
720 1744 773 1808 liis
789 1741 900 1808 verbis
913 1742 1106 1831 postulans:

561 1862 653 1947 Quid
668 1878 774 1926 tamen
789 1866 896 1928 nectis
911 1857 1041 1929 moras?

191 1946 361 2031 Numquid
373 1947 547 2007 timemur?
571 1947 753 2031 numquid
742 1951 932 2041 impositum
949 1950 1013 2012 sibi

191 2034 271 2094 Non
285 2031 409 2111 poterit
423 2031 515 2089 Atlas
531 2032 614 2092 ferre
630 2055 702 2093 cum
715 2033 806 2096 coelo
820 2034 1020 2098 Herculem?
1107 2052 1115 2062 ‘

150 2145 351 2217 Plumbeum
367 2145 650 2229 verolierculem,
659 2170 680 2225 a
688 2151 784 2234 cnjus
796 2150 898 2215 unius
910 2154 1057 2238 pondere
1064 2153 1195 2222 Atlanti

150 2247 372 2320 metuendum
396 2245 570 2344 videatur!
592 2246 639 2314 As
652 2269 723 2313 non
736 2250 858 2313 meturt
870 2251 1040 2317 Hercules
1082 2256 1194 2339 Recte,

138 2352 213 2429 misi
204 2351 319 2468 quod
334 2336 465 2417 metum
477 2361 548 2415 tam
561 2351 698 2417 inan'em
715 2351 769 2416 vel
783 2352 970 2440 suspicatus
982 2348 1134 2423 inlove
1123 2380 1196 2446 ipse

147 2435 299 2526 maxime
311 2464 360 2518 est
374 2450 544 2518 ridiculus.
571 2455 626 2519 Da
641 2452 733 2519 enim
749 2455 888 2523 Herculi
904 2457 1055 2548 corporis
1069 2461 1196 2527 molem

71 2621 76 2628 .
148 2555 368 2673 quantumvis
399 2554 596 2621 immanem.
664 2557 838 2642 Quantula
862 2560 946 2626 haec
975 2560 1041 2626 erit
1067 2562 1193 2631 laboris

145 2660 293 2730 accessio
305 2657 367 2741 illi,
388 2657 446 2746 qui
460 2659 581 2726 ceteris
603 2660 760 2726 omnibus
777 2662 979 2728 sustinendis
990 2681 1057 2749 par
1070 2664 1190 2733 fueriti

113 2838 117 2853 ἶ
148 2767 215 2838 Sed
243 2761 415 2829 nimirum
444 2762 577 2850 pondus
603 2787 674 2831 non
701 2763 869 2851 corporis,
900 2788 1024 2831 verum
1056 2768 1193 2838 virtutis
1299 2820 1302 2827 ·

146 2889 345 2954 rerumque
357 2876 529 2953 gestarum
555 2863 727 2950 intelligit,
770 2866 862 2951 quod
880 2866 935 2930 vel
964 2869 1115 2935 maxime
1143 2885 1193 2940 est

149 2972 348 3040 absutmdum
396 2966 527 3032 Eodem
555 2967 658 3062 plane
677 2965 811 3032 modo
800 2988 839 3029 ιιι
859 2967 1034 3036 eudemio
1056 2971 1191 3062 ineptus

146 3076 216 3144 suit
233 3069 374 3140 Ouidius
388 3070 528 3136 Metam.
550 3068 624 3136 Lib.
641 3068 697 3135 lX.
719 3069 763 3134 de
778 3055 923 3134 Hercule
936 3069 1011 3136 Dus
1017 3073 1112 3142 illato
1125 3077 1191 3146 hoo

148 3177 316 3248 referens:
1256 3184 1259 3194 “

194 3303 300 3388 Quem
314 3312 407 3383 pater
420 3294 625 3378 omnipotens
639 3293 724 3354 inter
740 3313 816 3356 cava
829 3293 940 3356 nubila
954 3305 1113 3381 raptum

136 3412 140 3417 ·
195 3385 398 3471 Quadriiugo
412 3404 507 3442 curru
522 3375 723 3439 radiantibus
736 3379 851 3441 intulit
865 3381 969 3443 astris.

196 3473 302 3535 Sensit
316 3470 408 3530 Atlas
421 3464 560 3551 pondus.

154 3587 389 3659 ldemLucano
403 3583 535 3665 accidit,
552 3605 610 3670 qur
601 3580 855 3650 inPharaaliae
871 3580 1037 3671 principio
1046 3578 1191 3676 Georgi.

152 3715 223 3759 con
243 3695 427 3773 aemulatus
448 3686 588 3765 initium
606 3706 788 3771 secumque
808 3683 1009 3762 deliberans,
1048 3711 1189 3777 ecquam

185 3939 351 4015 )Qnantis
370 3935 419 3994 illa
436 3933 608 3994 clamoribus
626 3926 830 3989 adolescentuli
848 3931 976 3988 diximus
999 3932 1033 3989 ds
1044 3935 1188 4011 supplicio

221 4023 446 4102 parricidarum?
476 4042 549 4098 quae
569 4036 746 4096 nequaquam
769 4018 836 4074 satis
865 4017 1036 4075 deferbuisse
1057 4037 1123 4094 post
1139 4019 1188 4075 att·

216 4127 324 4188 quanto
337 4107 440 4197 sentire
454 4107 610 4184 coepimus.
643 4111 679 4163 Iu
689 4105 811 4196 Oratore
823 4122 882 4182 esp
892 4107 986 4170 XXX,
