2708 4636
549 315 869 383 ...ss-..-

185 487 465 571 lem'verborum
485 489 600 556 lusum
620 487 718 554 facile
729 489 833 576 possit
853 492 1084 581 aequiparare.
1129 493 1236 584 Quud

188 595 340 685 quidem,
365 605 405 659 ut
426 592 560 681 opinor,
591 594 846 679 exemplorum,
881 617 968 678 quae
989 595 1030 658 ad
1053 607 1240 685 utrumque

123 762 127 769 ,
187 717 294 786 genus
306 695 531 786 proferemus,
554 695 770 760 contentione
787 695 865 760 satie
878 693 1095 785 intelligetur.

273 798 459 869 Veritatem
486 797 587 863 multi
618 797 851 864 desiderarunt
879 795 916 861 iu
936 799 1064 866 Lucani
1084 805 1242 871 versibus·

187 901 272 985 iltis,
293 901 416 989 quibus
440 898 592 966 Caesan's
606 900 830 987 Pompejique
853 883 983 981 cau'sqas
998 900 1088 989 inter
1101 928 1138 969 se
1151 930 1237 972 con-

185 1000 319 1083 ferens,
340 1005 493 1071 Deorum
518 1001 654 1077 numini
669 1015 770 1090 atque
790 1003 956 1087 majestati
978 1006 1236 1094 uniusCatouis

189 1104 425 1173 auctoritatem
442 1106 600 1195 opponit·

612 1206 719 1293 Qurs
706 1225 826 1308 qusuus
840 1209 950 1272 induit
966 1233 1062 1290 arma,
1152 1197 1154 1201 i

231 1254 321 1356 Scire
335 1296 444 1357 nefas:
468 1315 585 1393 magno
597 1315 631 1354 se
645 1293 754 1392 judice
771 1317 908 1392 qursque
927 1312 1047 1360 tuetur.

230 1378 362 1441 Victrix
377 1399 490 1441 caussa
502 1379 586 1440 Dera
602 1379 736 1461 placuit,
759 1378 817 1442 sed
829 1381 917 1440 victe
933 1381 1063 1446 Catoni.
1163 1411 1170 1463 '.

121 1568 124 1573 ¹
188 1495 397 1585 Quanquam
421 1518 498 1560 meo
521 1493 659 1583 quidem
686 1497 815 1584 judicio
837 1500 995 1566 Lucanus
1020 1502 1137 1568 multis
1162 1503 1236 1571 aliia

188 1592 227 1663 in
249 1599 330 1664 locis
347 1599 467 1684 justius
488 1597 632 1664 fortasse
644 1599 878 1684 reprehensus,
900 1602 936 1668 in
953 1602 1018 1666 hoc
1032 1615 1122 1668 certe
1134 1604 1238 1671 babet

188 1699 338 1788 aliquam
352 1702 422 1768 sive
436 1698 668 1797 defensionem
685 1700 753 1766 sive
768 1705 1018 1768 excusationem
1034 1703 1070 1768 in
1078 1717 1237 1771 veterum

186 1803 369 1890 religione:
407 1803 534 1891 quippe
553 1828 637 1893 quos
652 1815 783 1870 constat
819 1805 861 1870 de
892 1806 1045 1870 Deorum
1074 1805 1232 1893 sapientia

188 1907 289 1991 atque
308 1906 436 1991 justitia
456 1910 556 1996 longe
577 1905 673 1972 aliter
695 1908 835 1972 sensisse
857 1930 961 1994 quam
980 1901 1128 1972 nostram
1143 1917 1237 1969 aeta.

188 2013 534 2096 tem‚nequeomnino
546 2010 684 2075 illorum
700 2032 775 2074 eam
790 2009 903 2076 animo
917 2009 1116 2076 informasse
1130 2009 1238 2074 notio·

189 2128 288 2191 nem,
324 2132 409 2198 quae
429 2136 500 2179 una
525 2110 828 2202 praestantissimae
849 2123 989 2177 naturae
1011 2109 1238 2175 conveniebat.
1329 2176 1333 2183 ,

191 2208 297 2326 Quod
319 2235 397 2281 cum
419 2215 597 2302 antiquitas
618 2215 728 2281 omnis
747 2216 861 2296 docet,
883 2225 957 2279 tum
972 2213 1007 2276 in
1023 2213 1145 2298 primis
1160 2235 1239 2276 car-

190 2313 324 2381 minum
360 2316 621 2383 Homericomm
649 2318 734 2380 ratio
758 2308 1062 2381 innumerabilibus
1095 2313 1240 2378 ostendit

190 2416 364 2509 [exemplis.
417 2417 586 2504 Equidem
606 2417 696 2482 hanc
717 2417 761 2482 ob
777 2439 928 2484 caussam
958 2417 1136 2482 Lucanum
1171 2417 1241 2511 alio

87 2598 94 2604 ¹
190 2512 284 2596 lo'eo,
305 2515 351 2582 ad
374 2519 674 2606 reprehensionem
696 2521 803 2606 magis
829 2520 929 2584 etiam
958 2531 1091 2604 aperto,
1127 2516 1241 2609 lenius

189 2625 305 2683 tamen
325 2619 533 2708 culpandum
556 2622 758 2687 censuerim.
803 2610 864 2690 Illa
892 2620 965 2687 dico
973 2668 984 2703 ,
1007 2642 1095 2706 quae
1108 2619 1183 2686 Lib.
1196 2621 1241 2688 Π.
1285 2670 1293 2678 -

189 2735 226 2788 v.
240 2743 292 2809 91·
307 2742 398 2809 seqq.
413 2721 502 2788 hunc
515 2721 553 2787 in
566 2721 708 2788 modum
722 2724 900 2810 leguntur:

158 2816 179 2845 ‘i
609 2842 744 2905 Solatia
763 2843 825 2905 fati

235 2926 396 3015 Carthago
405 2929 597 3015 Mariusque
613 2927 700 3005 tulit,
722 2929 909 3013 pariterque
923 2933 1067 3014 jacentes
1134 2933 1156 2950 ’“
1176 3004 1181 3013 ⁹

197 3011 393 3096 Ignovere
407 3016 491 3076 Deis
504 3031 593 3079 cet.-
645 3058 648 3062 -

192 3126 233 3195 Ῑιι
255 3142 392 3216 promtu
414 3131 505 3195 enim
527 3086 639 3197 essent
655 3132 765 3199 multa
789 3138 945 3198 veterum
965 3132 1241 3215 auctorumlooa,

192 3227 313 3314 quibus
330 3252 372 3296 ex
388 3236 561 3301 communi
582 3232 760 3299 hominum
784 3232 943 3321 opinione
958 3234 1032 3299 Diis
1048 3235 1239 3312 crudelitas,

192 3328 355 3417 injustitia
375 3346 476 3422 atque
493 3357 570 3421 erga
589 3337 744 3402 homines
762 3333 952 3429 invidentia
967 3334 1143 3417 tribuitur,
1173 3327 1249 3398 nisi

193 3431 322 3519 inutilis
337 3448 421 3501 esset
434 3437 533 3503 labor
547 3437 707 3504 omnis'in'
717 3461 756 3504 re
773 3439 851 3503 satis
866 3460 926 3519 per
940 3459 976 3501 se
989 3436 1131 3522 cognita.

278 3539 325 3602 At
345 3550 434 3604 certe
453 3540 553 3627 longe
584 3538 735 3606 seve1ior.
753 3540 791 3605 in
819 3541 885 3606 hoc
913 3559 1035 3622 genere
1056 3535 1242 3605 Christiani

92 3692 97 3703 ,
122 3632 125 3640 ’
197 3638 316 3733 poetae
338 3641 392 3707 lex
413 3653 473 3706 est.
515 3642 634 3733 Neque
661 3630 899 3730 ego-profecto
915 3639 1108 3727 habeoque
1121 3638 1243 3705 Halle«

194 3760 274 3807 rum
290 3738 610 3841 praestantissimum
625 3756 763 3833 poetam
776 3738 836 3808 illo
851 3766 954 3808 versu

236 3859 314 3920 Den
331 3861 447 3923 Caesar
460 3860 608 3926 echutzte
625 3867 725 3943 Gott,
747 3862 816 3924 und
830 3863 912 3926 Cato
933 3862 988 3927 die
1001 3862 1189 3948 Besiegten,

195 3936 326 4036 Lucani
344 3962 483 4049 vestigia
507 3977 718 4083 prementem
732 3967 786 4031 vel
801 3962 1055 4031 defendendum
1070 3966 1123 4031 vel
1137 3986 1244 4029 excu-

195 4061 341 4128 eandum
358 4073 498 4164 putem,
536 4064 601 4146 nisi
620 4068 686 4137 boo
705 4090 835 4151 uuum,
871 4065 961 4150 quod
992 4066 1099 4136 isthoc
1126 4064 1243 4159 aetatis
