<?xml version="1.0" encoding="UTF-8"?>
<!DOCTYPE html PUBLIC "-//W3C//DTD XHTML 1.0 Transitional//EN"
    "http://www.w3.org/TR/xhtml1/DTD/xhtml1-transitional.dtd">
<html xmlns="http://www.w3.org/1999/xhtml" xml:lang="en" lang="en">
 <head>
  <title>
</title>
<meta http-equiv="Content-Type" content="text/html;charset=utf-8" />
  <meta name='ocr-system' content='tesseract 3.04.00' />
  <meta name='ocr-capabilities' content='ocr_page ocr_carea ocr_par ocr_line ocrx_word'/>
</head>
<body>
  <div class='ocr_page' id='page_1' title='image "./jojachottingeri00hottgoog_0234.png"; bbox 0 0 2708 4636; ppageno 0'>
   <div class='ocr_carea' id='block_1_1' title="bbox 458 282 866 364">
    <p class='ocr_par' dir='ltr' id='par_1_1' title="bbox 458 282 866 364">
     <span class='ocr_line' id='line_1_1' title="bbox 458 282 866 364; baseline -0.012 -12"><span class='ocrx_word' id='word_1_1' title='bbox 458 302 483 364; x_wconf 66' lang='lat' dir='ltr'>j</span> <span class='ocrx_word' id='word_1_2' title='bbox 542 282 737 353; x_wconf 72' lang='lat' dir='ltr'>-sdt</span> <span class='ocrx_word' id='word_1_3' title='bbox 777 321 866 347; x_wconf 71' lang='lat'>...-</span> 
     </span>
    </p>
   </div>
   <div class='ocr_carea' id='block_1_2' title="bbox 188 458 1073 634">
    <p class='ocr_par' dir='ltr' id='par_1_2' title="bbox 216 458 1073 634">
     <span class='ocr_line' id='line_1_2' title="bbox 217 458 1073 548; baseline 0.011 -30"><span class='ocrx_word' id='word_1_4' title='bbox 217 497 261 518; x_wconf 90' lang='lat'>...</span> <span class='ocrx_word' id='word_1_5' title='bbox 300 492 344 514; x_wconf 76' lang='grc' dir='ltr'><strong>ι-</strong></span> <span class='ocrx_word' id='word_1_6' title='bbox 386 476 468 526; x_wconf 87' lang='lat' dir='ltr'>noto</span> <span class='ocrx_word' id='word_1_7' title='bbox 484 461 582 523; x_wconf 87' lang='lat' dir='ltr'>citius</span> <span class='ocrx_word' id='word_1_8' title='bbox 597 458 791 544; x_wconf 81' lang='lat' dir='ltr'>volucrique</span> <span class='ocrx_word' id='word_1_9' title='bbox 807 462 924 548; x_wconf 67' lang='lat' dir='ltr'>sagitta</span> <span class='ocrx_word' id='word_1_10' title='bbox 1072 544 1073 548; x_wconf 7' lang='grc' dir='ltr'><strong>Ἰ</strong></span> 
     </span>
     <span class='ocr_line' id='line_1_3' title="bbox 188 535 1007 634; baseline 0.004 -22.108"><span class='ocrx_word' id='word_1_11' title='bbox 188 551 270 616; x_wconf 66' lang='lat' dir='ltr'>„Ad</span> <span class='ocrx_word' id='word_1_12' title='bbox 283 566 402 616; x_wconf 83' lang='lat' dir='ltr'>terram</span> <span class='ocrx_word' id='word_1_13' title='bbox 414 548 520 634; x_wconf 78' lang='lat' dir='ltr'>fugit,</span> <span class='ocrx_word' id='word_1_14' title='bbox 544 560 578 608; x_wconf 89' lang='lat' dir='ltr'>et</span> <span class='ocrx_word' id='word_1_15' title='bbox 595 560 695 628; x_wconf 89' lang='lat' dir='ltr'>portu</span> <span class='ocrx_word' id='word_1_16' title='bbox 717 567 751 608; x_wconf 86' lang='lat' dir='ltr'>sc</span> <span class='ocrx_word' id='word_1_17' title='bbox 768 535 915 613; x_wconf 82' lang='lat' dir='ltr'><strong>condidit</strong></span> <span class='ocrx_word' id='word_1_18' title='bbox 931 554 1007 614; x_wconf 88' lang='lat' dir='ltr'>alto</span> 
     </span>
    </p>
   </div>
   <div class='ocr_carea' id='block_1_3' title="bbox 113 671 1316 2709">
    <p class='ocr_par' dir='ltr' id='par_1_3' title="bbox 113 671 1316 2182">
     <span class='ocr_line' id='line_1_4' title="bbox 255 671 1217 772; baseline -0.001 -27"><span class='ocrx_word' id='word_1_19' title='bbox 255 678 313 745; x_wconf 84' lang='lat' dir='ltr'>Ex</span> <span class='ocrx_word' id='word_1_20' title='bbox 336 679 401 742; x_wconf 87' lang='lat' dir='ltr'>hac&#39;</span> <span class='ocrx_word' id='word_1_21' title='bbox 422 673 527 762; x_wconf 86' lang='lat' dir='ltr'>igitur</span> <span class='ocrx_word' id='word_1_22' title='bbox 552 671 645 738; x_wconf 91' lang='lat' dir='ltr'>nuda</span> <span class='ocrx_word' id='word_1_23' title='bbox 666 672 741 739; x_wconf 87' lang='lat' dir='ltr'>fere</span> <span class='ocrx_word' id='word_1_24' title='bbox 757 695 876 742; x_wconf 83' lang='lat' dir='ltr'>rerum</span> <span class='ocrx_word' id='word_1_25' title='bbox 895 675 1118 767; x_wconf 83' lang='lat' dir='ltr'>descriptione</span> <span class='ocrx_word' id='word_1_26' title='bbox 1139 677 1217 772; x_wconf 79' lang='lat' dir='ltr'>satis</span> 
     </span>
     <span class='ocr_line' id='line_1_5' title="bbox 113 753 1316 874; baseline -0.001 -27"><span class='ocrx_word' id='word_1_27' title='bbox 113 804 115 813; x_wconf 64' lang='lat'><em>¹</em></span> <span class='ocrx_word' id='word_1_28' title='bbox 173 781 328 848; x_wconf 82' lang='lat' dir='ltr'>existimo</span> <span class='ocrx_word' id='word_1_29' title='bbox 354 775 536 867; x_wconf 86' lang='lat' dir='ltr'>patereid,</span> <span class='ocrx_word' id='word_1_30' title='bbox 558 775 650 861; x_wconf 90' lang='lat' dir='ltr'>quod</span> <span class='ocrx_word' id='word_1_31' title='bbox 670 799 772 866; x_wconf 87' lang='lat' dir='ltr'>supra</span> <span class='ocrx_word' id='word_1_32' title='bbox 786 753 948 860; x_wconf 83' lang='lat' dir='ltr'>diximus,</span> <span class='ocrx_word' id='word_1_33' title='bbox 970 803 1134 874; x_wconf 87' lang='lat' dir='ltr'>magnam</span> <span class='ocrx_word' id='word_1_34' title='bbox 1147 803 1220 848; x_wconf 84' lang='lat' dir='ltr'>csse</span> <span class='ocrx_word' id='word_1_35' title='bbox 1303 774 1316 866; x_wconf 19' lang='grc'>’-</span> 
     </span>
     <span class='ocr_line' id='line_1_6' title="bbox 171 879 1304 974; baseline 0.002 -25"><span class='ocrx_word' id='word_1_36' title='bbox 171 887 275 965; x_wconf 90' lang='lat' dir='ltr'>hujus</span> <span class='ocrx_word' id='word_1_37' title='bbox 289 880 354 948; x_wconf 90' lang='lat' dir='ltr'>loci</span> <span class='ocrx_word' id='word_1_38' title='bbox 368 883 423 946; x_wconf 87' lang='lat' dir='ltr'>vel</span> <span class='ocrx_word' id='word_1_39' title='bbox 433 879 564 967; x_wconf 76' lang='lat' dir='ltr'>abipsa</span> <span class='ocrx_word' id='word_1_40' title='bbox 575 879 774 945; x_wconf 83' lang='lat' dir='ltr'>inventione</span> <span class='ocrx_word' id='word_1_41' title='bbox 788 883 1038 967; x_wconf 72' lang='lat' dir='ltr'>praestantiam,</span> <span class='ocrx_word' id='word_1_42' title='bbox 1059 887 1219 974; x_wconf 71' lang='lat' dir='ltr'>politam·</span> <span class='ocrx_word' id='word_1_43' title='bbox 1278 891 1304 918; x_wconf 84' lang='grc'>·“</span> 
     </span>
     <span class='ocr_line' id='line_1_7' title="bbox 171 982 1219 1074; baseline 0.003 -21"><span class='ocrx_word' id='word_1_44' title='bbox 171 1010 239 1074; x_wconf 87' lang='lat' dir='ltr'>que</span> <span class='ocrx_word' id='word_1_45' title='bbox 260 987 354 1052; x_wconf 88' lang='lat' dir='ltr'>hunc</span> <span class='ocrx_word' id='word_1_46' title='bbox 375 982 496 1048; x_wconf 91' lang='lat' dir='ltr'>ludum</span> <span class='ocrx_word' id='word_1_47' title='bbox 518 991 613 1046; x_wconf 87' lang='lat' dir='ltr'>tanta</span> <span class='ocrx_word' id='word_1_48' title='bbox 633 1005 770 1054; x_wconf 86' lang='lat' dir='ltr'>ornasse</span> <span class='ocrx_word' id='word_1_49' title='bbox 790 983 971 1067; x_wconf 84' lang='lat' dir='ltr'>varietate,</span> <span class='ocrx_word' id='word_1_50' title='bbox 997 1001 1219 1074; x_wconf 85' lang='lat' dir='ltr'>quantacum-</span> 
     </span>
     <span class='ocr_line' id='line_1_8' title="bbox 172 1080 1220 1176; baseline 0.003 -23"><span class='ocrx_word' id='word_1_51' title='bbox 172 1112 240 1175; x_wconf 87' lang='lat' dir='ltr'>que</span> <span class='ocrx_word' id='word_1_52' title='bbox 254 1088 288 1153; x_wconf 91' lang='lat' dir='ltr'>in</span> <span class='ocrx_word' id='word_1_53' title='bbox 302 1087 366 1152; x_wconf 90' lang='lat' dir='ltr'>hac</span> <span class='ocrx_word' id='word_1_54' title='bbox 380 1083 567 1169; x_wconf 87' lang='lat' dir='ltr'>argumenti</span> <span class='ocrx_word' id='word_1_55' title='bbox 581 1080 795 1172; x_wconf 83' lang='lat' dir='ltr'>simplicitate</span> <span class='ocrx_word' id='word_1_56' title='bbox 808 1098 939 1175; x_wconf 87' lang='lat' dir='ltr'>poterat</span> <span class='ocrx_word' id='word_1_57' title='bbox 955 1088 1103 1176; x_wconf 85' lang='lat' dir='ltr'>cogitari.</span> <span class='ocrx_word' id='word_1_58' title='bbox 1132 1091 1220 1156; x_wconf 87' lang='lat' dir='ltr'>Cer·</span> 
     </span>
     <span class='ocr_line' id='line_1_9' title="bbox 173 1181 1220 1282; baseline 0.002 -26"><span class='ocrx_word' id='word_1_59' title='bbox 173 1205 209 1256; x_wconf 88' lang='lat' dir='ltr'>te</span> <span class='ocrx_word' id='word_1_60' title='bbox 218 1210 319 1254; x_wconf 87' lang='lat' dir='ltr'>naves</span> <span class='ocrx_word' id='word_1_61' title='bbox 335 1185 502 1273; x_wconf 82' lang='lat' dir='ltr'>aequabili</span> <span class='ocrx_word' id='word_1_62' title='bbox 519 1187 705 1274; x_wconf 89' lang='lat' dir='ltr'>eodemque</span> <span class='ocrx_word' id='word_1_63' title='bbox 726 1211 826 1257; x_wconf 87' lang='lat' dir='ltr'>cursu</span> <span class='ocrx_word' id='word_1_64' title='bbox 843 1189 923 1255; x_wconf 89' lang='lat' dir='ltr'>alias</span> <span class='ocrx_word' id='word_1_65' title='bbox 936 1189 1080 1282; x_wconf 69' lang='lat' dir='ltr'>priores,</span> <span class='ocrx_word' id='word_1_66' title='bbox 1101 1181 1220 1280; x_wconf 58' lang='lat' dir='ltr'>postess</span> 
     </span>
     <span class='ocr_line' id='line_1_10' title="bbox 171 1286 1220 1378; baseline -0.002 -19"><span class='ocrx_word' id='word_1_67' title='bbox 171 1296 276 1364; x_wconf 88' lang='lat' dir='ltr'>riores</span> <span class='ocrx_word' id='word_1_68' title='bbox 302 1293 382 1362; x_wconf 91' lang='lat' dir='ltr'>alias</span> <span class='ocrx_word' id='word_1_69' title='bbox 402 1290 445 1355; x_wconf 92' lang='lat' dir='ltr'>ad</span> <span class='ocrx_word' id='word_1_70' title='bbox 467 1302 598 1371; x_wconf 76' lang='lat' dir='ltr'>metam</span> <span class='ocrx_word' id='word_1_71' title='bbox 614 1286 821 1378; x_wconf 77' lang='lat' dir='ltr'>perducere,</span> <span class='ocrx_word' id='word_1_72' title='bbox 842 1293 944 1359; x_wconf 87' lang='lat' dir='ltr'>nimis</span> <span class='ocrx_word' id='word_1_73' title='bbox 966 1289 1055 1358; x_wconf 88' lang='lat' dir='ltr'>exile</span> <span class='ocrx_word' id='word_1_74' title='bbox 1074 1303 1108 1372; x_wconf 82' lang='lat' dir='ltr'>et</span> <span class='ocrx_word' id='word_1_75' title='bbox 1130 1293 1220 1378; x_wconf 84' lang='lat' dir='ltr'>jeju-</span> 
     </span>
     <span class='ocr_line' id='line_1_11' title="bbox 144 1393 1221 1482; baseline 0.003 -23"><span class='ocrx_word' id='word_1_76' title='bbox 144 1396 150 1459; x_wconf 69' lang='lat'>}</span> <span class='ocrx_word' id='word_1_77' title='bbox 172 1421 259 1466; x_wconf 87' lang='lat' dir='ltr'>num</span> <span class='ocrx_word' id='word_1_78' title='bbox 275 1396 403 1473; x_wconf 74' lang='lat' dir='ltr'>fuisset.</span> <span class='ocrx_word' id='word_1_79' title='bbox 438 1393 556 1480; x_wconf 89' lang='lat' dir='ltr'>Neque</span> <span class='ocrx_word' id='word_1_80' title='bbox 569 1417 673 1482; x_wconf 89' lang='lat' dir='ltr'>porro</span> <span class='ocrx_word' id='word_1_81' title='bbox 686 1400 742 1462; x_wconf 89' lang='lat' dir='ltr'>vel</span> <span class='ocrx_word' id='word_1_82' title='bbox 754 1396 832 1462; x_wconf 86' lang='lat' dir='ltr'>satis</span> <span class='ocrx_word' id='word_1_83' title='bbox 847 1395 1020 1474; x_wconf 78' lang='lat' dir='ltr'>allexisset</span> <span class='ocrx_word' id='word_1_84' title='bbox 1032 1395 1221 1482; x_wconf 82' lang='lat' dir='ltr'>legentium</span> 
     </span>
     <span class='ocr_line' id='line_1_12' title="bbox 157 1496 1233 1585; baseline -0.006 -18"><span class='ocrx_word' id='word_1_85' title='bbox 157 1501 319 1581; x_wconf 71' lang='lat' dir='ltr'>animos,</span> <span class='ocrx_word' id='word_1_86' title='bbox 340 1497 396 1565; x_wconf 86' lang='lat' dir='ltr'>vel</span> <span class='ocrx_word' id='word_1_87' title='bbox 409 1519 530 1561; x_wconf 89' lang='lat' dir='ltr'>eorum</span> <span class='ocrx_word' id='word_1_88' title='bbox 550 1496 684 1564; x_wconf 84' lang='lat' dir='ltr'>fastidio</span> <span class='ocrx_word' id='word_1_89' title='bbox 700 1497 854 1579; x_wconf 82' lang='lat' dir='ltr'>cavisset,</span> <span class='ocrx_word' id='word_1_90' title='bbox 871 1499 1014 1565; x_wconf 70' lang='lat' dir='ltr'>‚easdem</span> <span class='ocrx_word' id='word_1_91' title='bbox 1033 1508 1139 1585; x_wconf 81' lang='lat' dir='ltr'>naves</span> <span class='ocrx_word' id='word_1_92' title='bbox 1150 1497 1233 1584; x_wconf 65' lang='lat' dir='ltr'>jam,</span> 
     </span>
     <span class='ocr_line' id='line_1_13' title="bbox 171 1586 1222 1692; baseline -0.004 -24"><span class='ocrx_word' id='word_1_93' title='bbox 171 1604 358 1692; x_wconf 82' lang='lat' dir='ltr'>superatas,</span> <span class='ocrx_word' id='word_1_94' title='bbox 378 1601 449 1685; x_wconf 86' lang='lat' dir='ltr'>jam</span> <span class='ocrx_word' id='word_1_95' title='bbox 470 1612 678 1687; x_wconf 83' lang='lat' dir='ltr'>superantes,</span> <span class='ocrx_word' id='word_1_96' title='bbox 700 1600 760 1665; x_wconf 91' lang='lat' dir='ltr'>sed</span> <span class='ocrx_word' id='word_1_97' title='bbox 770 1601 864 1665; x_wconf 88' lang='lat' dir='ltr'>nulla</span> <span class='ocrx_word' id='word_1_98' title='bbox 879 1586 1106 1688; x_wconf 63' lang='lat' dir='ltr'>probabili&#39;de</span> <span class='ocrx_word' id='word_1_99' title='bbox 1120 1621 1222 1667; x_wconf 87' lang='lat' dir='ltr'>oaus-</span> 
     </span>
     <span class='ocr_line' id='line_1_14' title="bbox 169 1694 1293 1794; baseline -0.007 -20"><span class='ocrx_word' id='word_1_100' title='bbox 169 1729 225 1790; x_wconf 84' lang='lat' dir='ltr'>sa‚</span> <span class='ocrx_word' id='word_1_101' title='bbox 245 1705 386 1794; x_wconf 80' lang='lat' dir='ltr'>lingens.</span> <span class='ocrx_word' id='word_1_102' title='bbox 429 1701 516 1768; x_wconf 89' lang='lat' dir='ltr'>Illud</span> <span class='ocrx_word' id='word_1_103' title='bbox 538 1703 657 1790; x_wconf 87' lang='lat' dir='ltr'>utique</span> <span class='ocrx_word' id='word_1_104' title='bbox 676 1703 816 1787; x_wconf 85' lang='lat' dir='ltr'>dignum</span> <span class='ocrx_word' id='word_1_105' title='bbox 837 1702 970 1788; x_wconf 85' lang='lat' dir='ltr'>ingenio</span> <span class='ocrx_word' id='word_1_106' title='bbox 989 1701 1125 1790; x_wconf 81' lang='lat' dir='ltr'>Virgilii</span> <span class='ocrx_word' id='word_1_107' title='bbox 1137 1709 1221 1781; x_wconf 80' lang='lat' dir='ltr'>enat,</span> <span class='ocrx_word' id='word_1_108' title='bbox 1291 1694 1293 1701; x_wconf 75' lang='grc'><strong>’</strong></span> 
     </span>
     <span class='ocr_line' id='line_1_15' title="bbox 169 1801 1222 1887; baseline -0.006 -13"><span class='ocrx_word' id='word_1_109' title='bbox 169 1820 300 1875; x_wconf 85' lang='lat' dir='ltr'>tantam</span> <span class='ocrx_word' id='word_1_110' title='bbox 323 1829 461 1874; x_wconf 89' lang='lat' dir='ltr'>casuum</span> <span class='ocrx_word' id='word_1_111' title='bbox 485 1807 684 1871; x_wconf 83' lang='lat' dir='ltr'>varietatem</span> <span class='ocrx_word' id='word_1_112' title='bbox 705 1827 776 1870; x_wconf 90' lang='lat' dir='ltr'>non</span> <span class='ocrx_word' id='word_1_113' title='bbox 792 1803 926 1869; x_wconf 87' lang='lat' dir='ltr'>aliunde</span> <span class='ocrx_word' id='word_1_114' title='bbox 938 1801 1082 1887; x_wconf 81' lang='lat' dir='ltr'>inferre,</span> <span class='ocrx_word' id='word_1_115' title='bbox 1103 1803 1222 1869; x_wconf 80' lang='lat' dir='ltr'>sodex</span> 
     </span>
     <span class='ocr_line' id='line_1_16' title="bbox 171 1905 1273 2000; baseline -0.005 -25"><span class='ocrx_word' id='word_1_116' title='bbox 171 1910 284 2000; x_wconf 89' lang='lat' dir='ltr'>prima</span> <span class='ocrx_word' id='word_1_117' title='bbox 296 1909 362 1974; x_wconf 92' lang='lat' dir='ltr'>loci</span> <span class='ocrx_word' id='word_1_118' title='bbox 379 1908 601 1998; x_wconf 86' lang='lat' dir='ltr'>descriptione</span> <span class='ocrx_word' id='word_1_119' title='bbox 614 1909 709 1974; x_wconf 83' lang='lat' dir='ltr'>velut</span> <span class='ocrx_word' id='word_1_120' title='bbox 723 1919 845 1996; x_wconf 89' lang='lat' dir='ltr'>sponte</span> <span class='ocrx_word' id='word_1_121' title='bbox 860 1910 1036 1989; x_wconf 83' lang='lat' dir='ltr'>evolvere3</span> <span class='ocrx_word' id='word_1_122' title='bbox 1057 1905 1141 1971; x_wconf 89' lang='lat' dir='ltr'>haec</span> <span class='ocrx_word' id='word_1_123' title='bbox 1155 1927 1221 1970; x_wconf 87' lang='lat' dir='ltr'>au·</span> <span class='ocrx_word' id='word_1_124' title='bbox 1272 1932 1273 1936; x_wconf 44' lang='lat'>¹</span> 
     </span>
     <span class='ocr_line' id='line_1_17' title="bbox 171 2001 1222 2098; baseline -0.005 -22"><span class='ocrx_word' id='word_1_125' title='bbox 171 2024 241 2077; x_wconf 86' lang='lat' dir='ltr'>tem</span> <span class='ocrx_word' id='word_1_126' title='bbox 256 2009 379 2092; x_wconf 86' lang='lat' dir='ltr'>deinde</span> <span class='ocrx_word' id='word_1_127' title='bbox 392 2009 439 2073; x_wconf 91' lang='lat' dir='ltr'>ita</span> <span class='ocrx_word' id='word_1_128' title='bbox 452 2032 603 2091; x_wconf 76' lang='lat' dir='ltr'>narrare,</span> <span class='ocrx_word' id='word_1_129' title='bbox 621 2021 742 2075; x_wconf 86' lang='lat' dir='ltr'>utnon</span> <span class='ocrx_word' id='word_1_130' title='bbox 755 2012 866 2096; x_wconf 85' lang='lat' dir='ltr'>legere</span> <span class='ocrx_word' id='word_1_131' title='bbox 880 2001 993 2091; x_wconf 80' lang='lat' dir='ltr'>nobis,¹</span> <span class='ocrx_word' id='word_1_132' title='bbox 1013 2008 1124 2081; x_wconf 88' lang='lat' dir='ltr'>sedin</span> <span class='ocrx_word' id='word_1_133' title='bbox 1138 2015 1222 2098; x_wconf 83' lang='lat' dir='ltr'>spe-</span> 
     </span>
     <span class='ocr_line' id='line_1_18' title="bbox 175 2109 1221 2182; baseline -0.006 -4"><span class='ocrx_word' id='word_1_134' title='bbox 175 2113 342 2179; x_wconf 85' lang='lat' dir='ltr'>ctantium</span> <span class='ocrx_word' id='word_1_135' title='bbox 357 2109 460 2182; x_wconf 83' lang='lat' dir='ltr'>turba</span> <span class='ocrx_word' id='word_1_136' title='bbox 475 2109 685 2174; x_wconf 85' lang='lat' dir='ltr'>considentes</span> <span class='ocrx_word' id='word_1_137' title='bbox 698 2132 774 2175; x_wconf 89' lang='lat' dir='ltr'>rem</span> <span class='ocrx_word' id='word_1_138' title='bbox 788 2111 893 2176; x_wconf 92' lang='lat' dir='ltr'>oculis</span> <span class='ocrx_word' id='word_1_139' title='bbox 907 2109 997 2175; x_wconf 90' lang='lat' dir='ltr'>tueri</span> <span class='ocrx_word' id='word_1_140' title='bbox 1010 2109 1221 2174; x_wconf 77' lang='lat' dir='ltr'>videremur.</span> 
     </span>
    </p>

    <p class='ocr_par' dir='ltr' id='par_1_4' title="bbox 120 2207 1297 2709">
     <span class='ocr_line' id='line_1_19' title="bbox 260 2207 1223 2301; baseline -0.004 -23"><span class='ocrx_word' id='word_1_141' title='bbox 260 2212 375 2301; x_wconf 65' lang='lat' dir='ltr'>Atque=</span> <span class='ocrx_word' id='word_1_142' title='bbox 392 2211 476 2276; x_wconf 89' lang='lat' dir='ltr'>haec</span> <span class='ocrx_word' id='word_1_143' title='bbox 507 2210 643 2274; x_wconf 88' lang='lat' dir='ltr'>tandem</span> <span class='ocrx_word' id='word_1_144' title='bbox 666 2210 731 2274; x_wconf 91' lang='lat' dir='ltr'>rite</span> <span class='ocrx_word' id='word_1_145' title='bbox 757 2213 919 2297; x_wconf 83' lang='lat' dir='ltr'>praetatis</span> <span class='ocrx_word' id='word_1_146' title='bbox 941 2210 1037 2288; x_wconf 85' lang='lat' dir='ltr'>nobis</span> <span class='ocrx_word' id='word_1_147' title='bbox 1051 2207 1223 2284; x_wconf 80' lang='lat' dir='ltr'>&#39;monendi</span> 
     </span>
     <span class='ocr_line' id='line_1_20' title="bbox 176 2301 1224 2406; baseline -0.005 -25"><span class='ocrx_word' id='word_1_148' title='bbox 176 2315 265 2396; x_wconf 85' lang='lat' dir='ltr'>estis,</span> <span class='ocrx_word' id='word_1_149' title='bbox 281 2301 479 2381; x_wconf 81' lang='lat' dir='ltr'>Auditores!</span> <span class='ocrx_word' id='word_1_150' title='bbox 503 2325 543 2378; x_wconf 92' lang='lat' dir='ltr'>ut</span> <span class='ocrx_word' id='word_1_151' title='bbox 561 2311 721 2379; x_wconf 85' lang='lat' dir='ltr'>laudabili</span> <span class='ocrx_word' id='word_1_152' title='bbox 734 2311 875 2381; x_wconf 89' lang='lat' dir='ltr'>honeste</span> <span class='ocrx_word' id='word_1_153' title='bbox 891 2314 982 2378; x_wconf 87' lang='lat' dir='ltr'>inter</span> <span class='ocrx_word' id='word_1_154' title='bbox 993 2335 1029 2378; x_wconf 88' lang='lat' dir='ltr'>se</span> <span class='ocrx_word' id='word_1_155' title='bbox 1044 2312 1224 2406; x_wconf 79' lang='lat' dir='ltr'>aemulan·</span> 
     </span>
     <span class='ocr_line' id='line_1_21' title="bbox 120 2406 1224 2506; baseline -0.005 -22"><span class='ocrx_word' id='word_1_156' title='bbox 120 2406 123 2417; x_wconf 55' lang='grc'>’</span> <span class='ocrx_word' id='word_1_157' title='bbox 174 2420 263 2485; x_wconf 91' lang='lat' dir='ltr'>tium</span> <span class='ocrx_word' id='word_1_158' title='bbox 281 2417 496 2480; x_wconf 81' lang='lat' dir='ltr'>contentione</span> <span class='ocrx_word' id='word_1_159' title='bbox 516 2415 601 2482; x_wconf 90' lang='lat' dir='ltr'>haec</span> <span class='ocrx_word' id='word_1_160' title='bbox 624 2416 709 2481; x_wconf 83' lang='lat' dir='ltr'>novi</span> <span class='ocrx_word' id='word_1_161' title='bbox 722 2415 913 2484; x_wconf 83' lang='lat' dir='ltr'>studiorum</span> <span class='ocrx_word' id='word_1_162' title='bbox 928 2439 1046 2506; x_wconf 87' lang='lat' dir='ltr'>cursus</span> <span class='ocrx_word' id='word_1_163' title='bbox 1061 2426 1224 2502; x_wconf 87' lang='lat' dir='ltr'>tanquam</span> 
     </span>
     <span class='ocr_line' id='line_1_22' title="bbox 173 2507 1297 2609; baseline -0.004 -23"><span class='ocrx_word' id='word_1_164' title='bbox 173 2520 280 2586; x_wconf 85' lang='lat' dir='ltr'>stadia</span> <span class='ocrx_word' id='word_1_165' title='bbox 300 2516 515 2592; x_wconf 84' lang='lat' dir='ltr'>emetiamini.</span> <span class='ocrx_word' id='word_1_166' title='bbox 540 2518 641 2608; x_wconf 83' lang='lat' dir='ltr'>Quae</span> <span class='ocrx_word' id='word_1_167' title='bbox 663 2541 798 2585; x_wconf 86' lang='lat' dir='ltr'>resnou</span> <span class='ocrx_word' id='word_1_168' title='bbox 815 2507 858 2585; x_wconf 84' lang='lat' dir='ltr'>ad</span> <span class='ocrx_word' id='word_1_169' title='bbox 878 2518 1105 2609; x_wconf 85' lang='lat' dir='ltr'>temporariae</span> <span class='ocrx_word' id='word_1_170' title='bbox 1116 2514 1222 2595; x_wconf 84' lang='lat' dir='ltr'>modo</span> <span class='ocrx_word' id='word_1_171' title='bbox 1292 2568 1297 2582; x_wconf 82' lang='grc'><strong>.</strong></span> 
     </span>
     <span class='ocr_line' id='line_1_23' title="bbox 173 2619 1218 2709; baseline -0.004 -19"><span class='ocrx_word' id='word_1_172' title='bbox 173 2622 285 2692; x_wconf 89' lang='lat' dir='ltr'>laudis</span> <span class='ocrx_word' id='word_1_173' title='bbox 300 2619 471 2705; x_wconf 83' lang='lat' dir='ltr'>fructum,</span> <span class='ocrx_word' id='word_1_174' title='bbox 492 2620 550 2686; x_wconf 89' lang='lat' dir='ltr'>sed</span> <span class='ocrx_word' id='word_1_175' title='bbox 566 2622 609 2688; x_wconf 81' lang='lat' dir='ltr'>ad</span> <span class='ocrx_word' id='word_1_176' title='bbox 625 2622 727 2690; x_wconf 84' lang='lat' dir='ltr'>totius</span> <span class='ocrx_word' id='word_1_177' title='bbox 744 2623 836 2709; x_wconf 65' lang='lat' dir='ltr'>uitae·</span> <span class='ocrx_word' id='word_1_178' title='bbox 848 2621 1027 2696; x_wconf 79' lang='lat' dir='ltr'>utilitatem</span> <span class='ocrx_word' id='word_1_179' title='bbox 1040 2619 1180 2690; x_wconf 82' lang='lat' dir='ltr'>valebit.</span> <span class='ocrx_word' id='word_1_180' title='bbox 1215 2688 1218 2692; x_wconf 76' lang='grc'><strong>,</strong></span> 
     </span>
    </p>
   </div>
   <div class='ocr_carea' id='block_1_4' title="bbox 190 2870 1223 2968">
    <p class='ocr_par' dir='ltr' id='par_1_5' title="bbox 190 2870 1223 2968">
     <span class='ocr_line' id='line_1_24' title="bbox 190 2870 1223 2968; baseline -0.002 -67"><span class='ocrx_word' id='word_1_181' title='bbox 190 2870 1223 2968; x_wconf 36' lang='grc' dir='ltr'>ΜΓ</span> 
     </span>
    </p>
   </div>
   <div class='ocr_carea' id='block_1_5' title="bbox 219 3072 1318 3320">
    <p class='ocr_par' dir='ltr' id='par_1_6' title="bbox 219 3058 1318 3320">
     <span class='ocr_line' id='line_1_25' title="bbox 219 3072 1318 3164; baseline 0.038 -42"><span class='ocrx_word' id='word_1_182' title='bbox 219 3106 222 3122; x_wconf 39' lang='lat'>1</span> <span class='ocrx_word' id='word_1_183' title='bbox 364 3072 536 3145; x_wconf 77' lang='lat' dir='ltr'>soron</span> <span class='ocrx_word' id='word_1_184' title='bbox 565 3073 768 3146; x_wconf 81' lang='lat' dir='ltr'><strong>SINONE</strong></span> <span class='ocrx_word' id='word_1_185' title='bbox 796 3074 1036 3146; x_wconf 77' lang='lat' dir='ltr'>vinoun</span> <span class='ocrx_word' id='word_1_186' title='bbox 1219 3161 1221 3164; x_wconf 13' lang='lat'><strong>⁴</strong></span> <span class='ocrx_word' id='word_1_187' title='bbox 1315 3154 1318 3164; x_wconf 78' lang='grc'><strong><em>,</em></strong></span> 
     </span>
     <span class='ocr_line' id='line_1_26' title="bbox 311 3168 1178 3320; baseline 0.03 -45"><span class='ocrx_word' id='word_1_188' title='bbox 311 3177 314 3181; x_wconf 52' lang='grc'><strong>’</strong></span> <span class='ocrx_word' id='word_1_189' title='bbox 391 3168 393 3175; x_wconf 68' lang='lat'><em>,</em></span> <span class='ocrx_word' id='word_1_190' title='bbox 485 3229 720 3320; x_wconf 39' lang='lat' dir='ltr'>vsirinnan).</span> <span class='ocrx_word' id='word_1_191' title='bbox 751 3233 795 3284; x_wconf 89' lang='grc' dir='ltr'>ιι.</span> <span class='ocrx_word' id='word_1_192' title='bbox 824 3241 876 3303; x_wconf 81' lang='lat'>5⁷·</span> <span class='ocrx_word' id='word_1_193' title='bbox 1138 3181 1178 3187; x_wconf 4' lang='grc' dir='ltr'>’γ</span> 
     </span>
    </p>
   </div>
   <div class='ocr_carea' id='block_1_6' title="bbox 601 3400 809 3428">
    <p class='ocr_par' dir='ltr' id='par_1_7' title="bbox 601 3400 809 3428">
     <span class='ocr_line' id='line_1_27' title="bbox 601 3400 809 3428; baseline 0.01 -7"><span class='ocrx_word' id='word_1_194' title='bbox 601 3400 809 3428; x_wconf 57' lang='grc' dir='ltr'><strong>Μ</strong></span> 
     </span>
    </p>
   </div>
   <div class='ocr_carea' id='block_1_7' title="bbox 183 3594 1309 3738">
    <p class='ocr_par' dir='ltr' id='par_1_8' title="bbox 183 3594 1309 3738">
     <span class='ocr_line' id='line_1_28' title="bbox 183 3594 1309 3738; baseline 0.001 -29"><span class='ocrx_word' id='word_1_195' title='bbox 183 3594 330 3732; x_wconf 79' lang='lat' dir='ltr'>Insigne</span> <span class='ocrx_word' id='word_1_196' title='bbox 350 3645 541 3727; x_wconf 86' lang='lat' dir='ltr'>artificium,</span> <span class='ocrx_word' id='word_1_197' title='bbox 564 3665 631 3731; x_wconf 91' lang='lat' dir='ltr'>quo</span> <span class='ocrx_word' id='word_1_198' title='bbox 646 3641 772 3710; x_wconf 81' lang='lat' dir='ltr'>isthaec</span> <span class='ocrx_word' id='word_1_199' title='bbox 786 3641 965 3734; x_wconf 84' lang='lat' dir='ltr'>Virgiliani</span> <span class='ocrx_word' id='word_1_200' title='bbox 977 3624 1137 3724; x_wconf 85' lang='lat' dir='ltr'>carminis</span> <span class='ocrx_word' id='word_1_201' title='bbox 1150 3640 1230 3738; x_wconf 78' lang='lat' dir='ltr'>pars</span> <span class='ocrx_word' id='word_1_202' title='bbox 1306 3624 1309 3628; x_wconf 32' lang='lat'><strong><em>¹</em></strong></span> 
     </span>
    </p>
   </div>
   <div class='ocr_carea' id='block_1_8' title="bbox 186 3745 1346 3862">
    <p class='ocr_par' dir='ltr' id='par_1_9' title="bbox 186 3745 1346 3862">
     <span class='ocr_line' id='line_1_29' title="bbox 186 3745 1346 3862; baseline 0.003 -50"><span class='ocrx_word' id='word_1_203' title='bbox 186 3748 455 3862; x_wconf 63' lang='lat' dir='ltr'>compositam,</span> <span class='ocrx_word' id='word_1_204' title='bbox 486 3746 688 3838; x_wconf 76' lang='lat' dir='ltr'>explicitum</span> <span class='ocrx_word' id='word_1_205' title='bbox 700 3746 867 3829; x_wconf 86' lang='lat' dir='ltr'>breviter,</span> <span class='ocrx_word' id='word_1_206' title='bbox 895 3745 997 3815; x_wconf 86' lang='lat' dir='ltr'>missa</span> <span class='ocrx_word' id='word_1_207' title='bbox 1017 3747 1231 3836; x_wconf 79' lang='lat' dir='ltr'>singularum</span> <span class='ocrx_word' id='word_1_208' title='bbox 1290 3756 1297 3813; x_wconf 85' lang='grc'>’.</span> <span class='ocrx_word' id='word_1_209' title='bbox 1344 3832 1346 3834; x_wconf 7' lang='lat' dir='ltr'>V</span> 
     </span>
    </p>
   </div>
   <div class='ocr_carea' id='block_1_9' title="bbox 116 3849 1319 4169">
    <p class='ocr_par' dir='ltr' id='par_1_10' title="bbox 185 3849 1319 4146">
     <span class='ocr_line' id='line_1_30' title="bbox 185 3849 1233 3950; baseline 0.001 -34"><span class='ocrx_word' id='word_1_210' title='bbox 185 3849 475 3940; x_wconf 80' lang='lat' dir='ltr'>minimorumque</span> <span class='ocrx_word' id='word_1_211' title='bbox 496 3875 614 3918; x_wconf 85' lang='lat' dir='ltr'>rerum</span> <span class='ocrx_word' id='word_1_212' title='bbox 634 3849 865 3934; x_wconf 72' lang='lat' dir='ltr'>enarratione,</span> <span class='ocrx_word' id='word_1_213' title='bbox 893 3872 981 3939; x_wconf 87' lang='lat' dir='ltr'>quae</span> <span class='ocrx_word' id='word_1_214' title='bbox 1002 3851 1140 3950; x_wconf 86' lang='lat' dir='ltr'>quidem</span> <span class='ocrx_word' id='word_1_215' title='bbox 1160 3855 1233 3919; x_wconf 88' lang='lat' dir='ltr'>lar-</span> 
     </span>
     <span class='ocr_line' id='line_1_31' title="bbox 116 3941 1235 4069; baseline 0.002 -53.139"><span class='ocrx_word' id='word_1_216' title='bbox 116 3973 266 4069; x_wconf 83' lang='lat' dir='ltr'>·gam</span> <span class='ocrx_word' id='word_1_217' title='bbox 287 3954 512 4040; x_wconf 83' lang='lat' dir='ltr'>amplissimae</span> <span class='ocrx_word' id='word_1_218' title='bbox 534 3951 789 4043; x_wconf 87' lang='lat' dir='ltr'>disputationi</span> <span class='ocrx_word' id='word_1_219' title='bbox 776 3954 956 4041; x_wconf 83' lang='lat' dir='ltr'>materiam</span> <span class='ocrx_word' id='word_1_220' title='bbox 970 3941 1235 4046; x_wconf 77' lang='lat' dir='ltr'>suppeditarent,</span> 
     </span>
     <span class='ocr_line' id='line_1_32' title="bbox 167 4036 1319 4169; baseline -0.002 -47.957"><span class='ocrx_word' id='word_1_221' title='bbox 167 4057 390 4169; x_wconf 77' lang='lat' dir='ltr'>universam</span> <span class='ocrx_word' id='word_1_222' title='bbox 404 4057 505 4124; x_wconf 90' lang='lat' dir='ltr'>modo</span> <span class='ocrx_word' id='word_1_223' title='bbox 521 4056 781 4162; x_wconf 82' lang='lat' dir='ltr'>descriptionem</span> <span class='ocrx_word' id='word_1_224' title='bbox 792 4036 1082 4150; x_wconf 83' lang='lat' dir='ltr'>perlustrabimus,</span> <span class='ocrx_word' id='word_1_225' title='bbox 1092 4071 1126 4125; x_wconf 89' lang='lat' dir='ltr'>et</span> <span class='ocrx_word' id='word_1_226' title='bbox 1139 4081 1236 4141; x_wconf 88' lang='lat' dir='ltr'>sum·</span> <span class='ocrx_word' id='word_1_227' title='bbox 1315 4110 1319 4119; x_wconf 81' lang='grc'>.</span> 
     </span>
    </p>
   </div>
   <div class='ocr_carea' id='block_1_10' title="bbox 0 0 1358 4636">
    <p class='ocr_par' dir='ltr' id='par_1_11' title="bbox 0 0 1358 4636">
     <span class='ocr_line' id='line_1_33' title="bbox 0 0 1358 4636; baseline 0 2"><span class='ocrx_word' id='word_1_228' title='bbox 0 0 1358 4636; x_wconf 95' lang='lat' dir='ltr'> </span> 
     </span>
    </p>
   </div>
  </div>
 </body>
</html>
