2708 4636
508 284 828 371 *dp-.-

145 425 265 563 iisque
277 466 418 535 formes
430 473 504 531 erat
524 456 639 548 qued
629 479 668 524 ιιι
679 455 733 525 bis
751 457 807 529 vel
822 454 1049 529 desiderarem
1062 388 1117 529 vel
1127 464 1193 531 ue*¹

146 569 420 665 prebendam,
435 565 499 632 nisi
489 563 613 629 simul
628 559 826 627 recordarer
844 561 1020 678 egregiam
1024 561 1117 631 illem
1132 573 1190 628 at·
1188 616 1199 631 ,

148 672 218 760 q‘ue
232 672 290 738 vel
302 671 469 739 brevitate
482 667 539 733 vel
560 660 790 752 magnitudine
810 661 892 727 vel
882 663 1038 752 inprimis
1055 663 1193 754 simpli

149 774 253 842 citate
268 772 508 841 inimitabilem
518 766 650 856 Virgilii
666 763 889 831 sententiam·

194 893 326 958 Littera
345 915 444 984 quum
434 890 590 1040 upiastriae
603 893 781 969 lacrymans
797 901 977 976 portusque
995 888 1148 977 relinquo

195 981 242 1042 Et
264 998 457 1063 campos,u
480 978 611 1061 sTrcja
634 973 712 1040 fuit.

153 1099 318 1184 Magnum
333 1106 381 1162 est
382 1095 522 1181 ,fateor‚
536 1092 734 1160 vastationis
747 1103 1001 1180 argumentum,
1013 1119 1059 1165 nc
1073 1122 1197 1190 super.

152 1223 224 1266 esse
239 1198 378 1288 quidem
396 1197 529 1265 ruinasa
551 1207 590 1261 ut
604 1193 661 1282 qui
672 1193 738 1261 hoc
754 1194 841 1262 dixit
859 1197 942 1264 illud
962 1199 1126 1273 nimirum
1142 1204 1198 1270 di-

153 1301 245 1372 xerit
261 1301 351 1390 quod
363 1312 433 1369 erat
445 1321 640 1380 summum3
661 1321 774 1388 neque
790 1321 851 1390 ego
876 1301 1062 1385 contendo,
1083 1299 1200 1373 Lues-
1287 1290 1307 1364 ’,

154 1429 241 1473 num
250 1408 253 1413 ’
262 1403 444 1472 sententiae
461 1402 695 1491 magnitudine
716 1427 737 1470 a
749 1402 889 1495 Virgilio
902 1428 974 1473 esse
989 1417 1204 1494 superatuma

159 1508 232 1598 Qui
247 1508 340 1575 enim
352 1507 508 1599 poterat?
541 1505 637 1573 Illam
652 1527 737 1570 vero
758 1504 1024 1594 simplicitatem,
1046 1531 1150 1596 quam
1163 1509 1203 1583 in
1318 1520 1323 1527 '

158 1613 265 1678 altero
281 1610 464 1692 miramur,
487 1608 561 1695 quis
581 1605 679 1672 alteri
698 1606 787 1673 ausit
810 1607 1006 1677 vindicare?
1042 1613 1204 1702 Virgilius
1240 1679 1243 1687 ,

159 1713 298 1804 quidem
321 1713 469 1829 perinde
485 1721 585 1796 atque
612 1709 788 1793 Lucanus,
828 1723 868 1778 ut
895 1714 1063 1783 Macrobii
1090 1714 1205 1787 verbis
1317 1712 1320 1717 ’

160 1826 257 1897 ntur,
279 1812 487 1902 paucissimis
509 1810 621 1877 verbis
644 1813 829 1880 maximam
850 1814 1017 1884 civitatem
1039 1818 1152 1889 hausit
1172 1806 1208 1887 ci
1279 1815 1285 1834 ⁵

140 1917 348 2003 absorpsit.
381 1938 452 1981 non
473 1915 610 2001 reliquit
631 1914 680 1982 illi
700 1938 762 1982 nec
784 1918 927 1986 ruinam.
980 1920 1099 2009 Neque
1119 1924 1207 1989 verd

164 2019 237 2104 ipse
255 2015 324 2079 hoe
338 2014 442 2095 dixit,
463 2016 520 2079 sed
537 2015 679 2100 intelligi
697 2019 807 2084 voluit
825 2044 847 2085 a
860 2022 1061 2108 legentibus.
1104 2023 1210 2113 Quod

166 2117 215 2182 ita
230 2136 370 2205 prorsus
383 2126 518 2199 gratum
534 2114 697 2194 emeatus
710 2138 750 2182 ea
765 2119 889 2203 quibus
902 2122 1077 2189 intellectis
1092 2124 1212 2215 Quin-

168 2218 326 2287 atilianus
353 2214 435 2282 dicit
456 2213 629 2280 audientes
660 2217 816 2302 acumine
842 2241 904 2284 auo
931 2221 1088 2288 delectari
1111 2239 1215 2314 atque

167 2319 350 2410 gaudere,
356 2342 427 2388 nou
446 2316 541 2407 quasi
566 2315 776 2402 audiverint,
807 2320 865 2388 sed
893 2322 987 2410 quasi
1008 2320 1216 2396 invenerint.

168 2427 325 2496 Lucanus
338 2445 432 2504 vero,
452 2419 581 2488 nescias
596 2445 641 2488 an
657 2420 782 2489 diffisus
796 2423 991 2493 lectorum
980 2428 1127 2513 mgenio,
1138 2455 1217 2499 cer·

170 2538 205 2597 te
216 2527 382 2597 acuminis
396 2526 534 2595 laudem
548 2524 658 2596 noluit
672 2524 840 2610 amittere,
862 2527 1023 2616 illamque
1034 2529 1081 2598 ita
1095 2536 1219 2623 11111111·

171 2631 422 2708 utclarumsit,
439 2629 644 2729 cumminas
665 2627 898 2719 quiddiceret,
913 2654 1017 2721 quam
1032 2648 1072 2702 ut
1087 2638 1217 2729 optime
1288 2673 1299 2682 -
1338 2700 1341 2708 ,

172 2734 255 2804 illud
275 2735 410 2810 diceret,
431 2733 598 2824 cogitasse.

260 2836 328 2939 Sed
350 2850 464 2923 tamen
486 2836 613 2917 isthaec
635 2847 717 2903 sunt
737 2836 880 2902 leviora.
936 2835 1083 2905 Gravius
1102 2856 1220 2915 autem

176 2914 388 3026 castigandi
380 2949 460 3043 sunt
477 2936 541 3005 iili
538 2939 608 3043 qui
629 2936 1226 3037 1111111111011ιιιιιῑιιιιιίιιιιι1101111Ι

177 3051 413 3143 οοιιιιιιιριιιιῑ,
435 3036 609 3129 nimioque
626 3037 858 3107 benedicendi
874 3037 986 3108 studio
1000 3040 1159 3130 efficiunt,
1180 3062 1223 3123 ut

178 3166 241 3212 nec
254 3128 341 3209 bene
356 3164 419 3207 nec
436 3136 661 3232 probabiliter
671 3143 742 3209 ullo
762 3141 865 3208 modo
881 3142 1065 3213 videantur
1075 3147 1223 3243 dixisse.
1315 3130 1318 3139 ⁵

178 3234 218 3317 ln
230 3243 532 3339 praestantioribus
546 3245 754 3321 Graecorum
767 3245 1030 3362 epigrammatis
1031 3271 1120 3321 ame
1137 3252 1225 3325 illud

181 3350 336 3433 babetur,
357 3347 449 3439 quod
465 3358 515 3412 est
528 3346 596 3439 ab
585 3361 714 3416 incerto
728 3338 862 3416 auclore
877 3349 914 3415 in
929 3349 1072 3430 Veneris
1079 3351 1233 3433 Gnidiae

111 3460 114 3465 '
182 3455 317 3544 signum
335 3449 548 3518 confectum.
583 3452 623 3521 Iri
638 3475 705 3539 quo
718 3442 862 3519 miratur
876 3432 1025 3547 venus,
1023 3451 1082 3517 ubi
1095 3455 1227 3549 nudam

186 3580 222 3624 e
186 3556 360 3727 vpderrt
370 3556 566 3631 Praxiteles
609 3555 675 3627 Sed
690 3577 828 3627 carmen
822 3553 952 3671 ipsum
966 3553 1083 3665 potius
1095 3540 1151 3636 bic
1164 3560 1228 3631 sd·

184 3682 247 3731 scu
272 3684 344 3727 am·
404 3702 411 3714 ι

194 3808 272 3885 'A
289 3806 409 3897 Itinere
429 3807 486 3878 acia
504 3807 629 3934 Κύπριν
657 3813 700 3878 ι’νι
691 3776 882 3892 autad*
851 3827 937 3873 ιιπει
958 3742 1135 3870 troisi·
1126 3864 1131 3875 ,
1177 3764 1227 3899 w..

195 4008 200 4015 ι
276 3914 360 3990 maai,
389 3917 464 4001 φεῦ,
492 3916 552 3983 ποῦ
570 3908 688 4003 11111111
703 3911 772 3980 'side'
788 3935 827 3996 με
850 3906 1098 3998 Hortarium·

190 4060 284 4136 Nihil
296 4084 375 4133 mea
385 4062 558 4134 sententia
579 4057 802 4154 praestantius
821 4067 873 4127 est
883 4024 939 4127 bia
952 4048 1112 4145 verubus
1114 4067 1239 4162 usque
1306 4066 1310 4072 ·
