2708 4636
262 489 400 591 Verum
422 514 461 581 in
489 513 592 580 rebus
623 511 726 607 etiam
753 507 885 598 magnis
915 510 1013 605 facile
1048 513 1224 582 exceditur

177 606 318 701 modus,
339 620 395 685 vel
414 640 478 707 per
506 641 542 683 se
567 616 624 680 vel
643 614 779 680 illarum
801 637 878 679 cum
905 614 1007 702 ,longe
1038 619 1227 703 majoribus

179 720 440 807 comparatione.
484 721 607 805 Magna
621 740 690 782 esse
703 730 812 806 potest
823 717 1030 803 singulorum
1048 722 1085 786 in
1099 744 1235 810 magno*

58 823 59 826 ’
108 818 114 892 J
178 823 324 910 quodam
347 823 494 890 exercitu
516 821 665 888 militum
686 817 863 886 fortitudo.
908 818 973 885 Sed
992 845 1110 888 omnes
1134 825 1229 890 Her-

117 918 120 925 ’
178 924 260 1004 culis
281 924 391 990 dicere
417 925 559 1007 similes,
582 925 731 992 insanire
761 921 872 1012 potius
895 931 962 1002 est,
993 947 1095 1010 quam·
1113 927 1230 993 verbis

179 1020 298 1090 eorum
316 1020 477 1094 virtutem
492 1029 664 1097 extollere.
702 1026 807 1116 Quod
822 1023 903 1090 facit
916 1025 1083 1092 Boilavius
1097 1027 1133 1095 in
1150 1043 1229 1094 car·
1286 1056 1287 1059 ¹

130 1160 131 1167 ι
181 1127 274 1193 mine
291 1129 360 1212 illo,
378 1153 444 1218 quo
459 1130 620 1197 Namurci
641 1127 923 1216 expugnationem
941 1129 1133 1196 celebravit.
1161 1132 1231 1198 Ubi

96 1304 103 1334 ί
179 1242 360 1320 postquam
384 1256 497 1300 arcem
522 1244 555 1331 et
572 1233 761 1320 praeruptis
781 1230 870 1296 saxis
893 1242 926 1296 et
940 1232 1069 1322 duplici
1081 1232 1229 1301 flumine

150 1384 151 1388 ,
178 1331 385 1401 inaccessam
404 1335 613 1419 petendisset,
636 1335 681 1400 ita
693 1336 818 1423 pergit:

311 1473 385 1534 Dix
398 1473 485 1534 mille
499 1475 634 1538 vaillans
651 1471 803 1551 Alcides,
856 1514 857 1518 =

310 1556 511 1620 L’ebordant
527 1558 566 1620 de
583 1573 690 1620 tontes
704 1575 803 1641 parts,

313 1644 358 1704 D'
363 1643 474 1704 eclairs
491 1667 531 1704 au
548 1645 617 1705 loin
631 1641 839 1706 homicides

308 1727 395 1788 Font
410 1729 562 1810 petiller
557 1734 642 1790 leurs
655 1745 822 1823 remparts.

140 1811 274 1929 Haec
288 1884 412 1961 quaeso
426 1885 472 1939 an
485 1861 681 1951 hyperbole
687 1888 731 1931 an
746 1866 913 1936 dementia
927 1872 999 1933 esti
1019 1863 1133 1932 Unum
1148 1865 1229 1949 qui-

45 2001 84 2028 ι
181 1965 258 2031 dem
275 1981 441 2031 exemtus
453 1967 694 2052 Imperatorem
708 1981 801 2035 aute
822 1969 962 2034 ducibus
980 1968 1126 2052 aliquem
1141 1967 1230 2034 Her·
1258 2036 1262 2040 ,

125 2061 134 2072 ”
181 2070 265 2156 culis
289 2053 370 2134 ferri
381 2068 536 2164 similem
557 2067 654 2134 facile
676 2073 803 2159 patiar,
840 2083 877 2136 at
900 2069 1090 2136 exercitum
1114 2071 1232 2138 decem
1295 2154 1297 2157 ι

181 2171 343 2238 millibus
366 2140 530 2239 Herculea
565 2171 692 2240 virtute
727 2176 876 2243 militum
915 2184 1127 2239 constantem
1159 2173 1234 2259 quis

182 2286 253 2340 non
282 2275 418 2342 rideat?
447 2275 637 2360 Antiquitas
668 2276 806 2363 quidem
836 2275 1017 2361 sapientior
1037 2276 1094 2340 illa
1121 2298 1230 2340 unum
1277 2292 1279 2296 ’

94 2424 99 2429 -
181 2363 327 2443 habebat
342 2379 539 2471 Herculem,
563 2389 604 2440 ut
619 2400 704 2464 quae
718 2379 829 2459 sciret,
848 2375 925 2441 vel
914 2398 952 2440 ιιι
966 2375 1006 2441 iis
1022 2399 1107 2462 quae
1120 2380 1231 2440 essent

181 2471 332 2559 iumma,
354 2481 384 2544 si
405 2481 642 2565 vulgarentur,
671 2479 930 2546 admirationem
948 2477 1092 2558 remitti3
1114 2478 1232 2544 Boila·

181 2581 259 2646 vius
282 2604 362 2647 vero
385 2582 501 2645 decem
522 2583 628 2646 millia
642 2580 789 2666 fingens,
819 2580 978 2662 militum,
1002 2601 1083 2666 quos
1100 2581 1230 2663 laudat,
1264 2613 1278 2628 v
1306 2649 1308 2652 ,

183 2681 435 2750 virtutemnon
459 2685 564 2770 magis
587 2684 719 2748 extollit
742 2706 845 2768 quam
865 2682 1026 2769 deprimit
1038 2681 1231 2748 Herculem.

182 2784 270 2851 Nam
291 2807 403 2872 neque
425 2787 452 2850 is
472 2771 536 2852 sibi
557 2787 702 2854 nimium
715 2772 857 2874 placeat,
869 2788 870 2791 ’
880 2787 938 2870 qui
954 2797 1008 2858 tot
1018 2783 1099 2848 alios
1111 2783 1234 2850 similes

182 2884 245 2952 sibi
275 2899 376 2973 atque
403 2913 499 2978 pares
520 2914 588 2957 esse
610 2891 785 2983 sciat3,-fet
810 2901 860 2954 to't
880 2888 998 2953 talium
1019 2886 1235 2969 bellatorum,

184 3001 325 3072 aequato
343 2993 464 3073 Marte,
478 2995 513 3058 in
527 2997 621 3061 nullo
635 2994 733 3058 hoste
746 3016 816 3058 non
829 2989 985 3079 ignobilis
1000 2988 1065 3055 erit
1080 2991 1233 3056 victori-a.
1256 3042 1259 3045 -

184 3089 252 3156 Sed
274 3092 364 3174 quod
387 3094 537 3178 mireris,
564 3098 693 3162 isthaec
718 3097 834 3162 decem
857 3093 1046 3159 Herculum
1068 3094 1235 3159 milliane
1291 3081 1303 3183 ι’

183 3201 301 3255 tenent
322 3193 457 3311 quidem
481 3221 595 3263 arcem
616 3210 735 3287 natura
759 3197 1032 3264 munitissimam.
1075 3178 1242 3317 Quantus

184 3287 289 3380 igilur
305 3294 377 3379 erit,
401 3297 469 3383 qui
477 3297 570 3363 illam
589 3275 881 3390 eripugnaveriti

315 3430 436 3516 Quelle
451 3431 616 3495 effroiablc
631 3420 816 3498 Puissance
860 3466 864 3470 ·

313 3498 471 3617 Aujourd'
487 3517 545 3578 hui
560 3536 716 3604 pourtant
735 3526 883 3583 s‘avance

313 3599 448 3687 Prpste
440 3625 457 3662 a
471 3603 649 3685 foudroyer
664 3609 713 3666 tes
730 3607 855 3670 monte!
923 3613 925 3617 ’

317 3688 403 3770 Quel
417 3686 516 3766 broit,
543 3694 617 3772 quel
631 3677 688 3750 feu
705 3691 929 3756 l’environne!

319 3772 407 3834 Cest
422 3737 551 3856 Jupiier
565 3797 604 3836 eu
621 3789 792 3863 personne,
955 3842 965 3854 ,

317 3857 372 3919 Ou
387 3857 465 3923 cust
480 3863 523 3920 l‘e
527 3859 708 3944 rainqueur
724 3857 763 3932 dc
779 3856 890 3924 Mons.

152 3985 265 4057 Ηοο
286 4013 349 4078 per
368 3989 479 4077 ipsum
497 3973 630 4080 Jovcm,
652 3995 758 4113 quihi
759 4021 777 4064 c
790 3997 828 4063 in
843 3996 1008 4064 auxilium
1022 4009 1176 4079 vocatur,
1192 4018 1240 4061 an

148 4104 239 4157 est
258 4089 421 4160 laudare?
405 4093 490 4230 iAt
510 4111 601 4166 certo
627 4100 692 4168 nisi
711 4113 770 4198 tu,
803 4121 926 4189 magne
950 4102 1098 4184 Boilavi,
1119 4100 1242 4168 salsius
1277 4130 1281 4136 ·
