2708 4636
512 313 838 391 ...m-

158 605 354 681 statuimus,
391 546 525 669 durum¹
545 622 618 666 non
639 623 728 684 esse,
757 603 786 666 si
801 627 935 691 panem
956 628 1060 671 sturm
1081 632 1212 697 eorpus

159 707 263 772 dixit.
306 705 389 772 illud
411 729 496 793 nego
518 705 583 770 hoo
604 706 672 768 tale
692 702 812 787 fuisse,
856 716 904 770 nt
907 705 1070 795 discipuli
1086 709 1124 775 id
1138 734 1211 778 non

131 830 134 836 “
159 811 320 899 proprie,
348 832 468 873 verum
497 806 626 894 tropice
655 805 723 870 dici
742 830 813 872 non
837 809 949 875 statim
965 809 1211 897 intelligerent·

157 913 236 980 Non
259 935 339 1000 ergo
361 911 443 976 illud
463 910 591 988 dicam,
614 890 704 1032 quod
727 909 827 975 dicia
840 911 955 976 multis
969 912 1073 994 solet,
1099 933 1210 997 quum

161 1016 316 1083 Christus
332 1013 455 1080 dixerit
468 1009 558 1079 retiati
573 1017 640 1078 ἐστι
653 1009 691 1077 rd
708 1011 797 1107 eripui
809 1041 887 1096 μου,
909 1027 967 1080 aut
979 1011 1071 1081 rodro'
1086 1019 1157 1084 ἔατε
1173 1044 1207 1085 w

160 1116 237 1204 αἷμά
258 1145 336 1201 μου,
359 1115 395 1179 id
414 1113 573 1200 loquendi
591 1117 820 1202 genusplane
841 1115 930 1180 1111111
941 1114 1083 1180 differre
1096 1117 1209 1200 abeo,

160 1242 229 1309 quo
252 1217 398 1286 hominis
422 1217 563 1295 alicujus
579 1227 724 1283 statuam
740 1219 794 1284 vel
809 1217 991 1303 imaginem
1005 1232 1209 1286 monstran-

160 1333 212 1389 tes
230 1321 393 1386 dirimas:
422 1316 494 1383 Hic
518 1328 572 1383 eet
596 1319 680 1384 ille!
706 1321 824 1406 Neque
844 1321 979 1409 penitus
1003 1320 1207 1388 adcommo-

159 1422 239 1489 'date
249 1425 309 1488 hic
320 1420 476 1488 adfertur
488 1419 588 1500 illud,
611 1421 700 1508 quod
712 1423 870 1487 Aelianus
886 1424 976 1493 ult.
991 1421 1036 1488 X.
1056 1443 1108 1487 ro.
1123 1438 1206 1490 nar·

159 1537 232 1595 rat.
255 1547 361 1613 quum
383 1547 437 1611 ars
451 1522 610 1615 pirigendi
626 1524 738 1619 adhue
753 1527 788 1591 in
805 1525 898 1591 cunis
913 1535 1126 1605 versaretur,
1147 1526 1206 1614 pi·

88 1650 95 1655 ·
160 1641 270 1695 atores
296 1625 437 1692 rudibus
462 1636 563 1711 atque
587 1624 749 1727 impolitis
771 1649 889 1692 rerum
909 1627 1050 1717 picturis
1072 1627 1204 1695 adseri·

159 1732 278 1819 puisse:
300 1730 385 1797 reiro
403 1729 503 1821 pair,
517 1730 614 1794 taetro
635 1737 746 1804 ἵππος,
772 1733 862 1795 τοῦτο
881 1734 1015 1813 δένδρον.
1065 1731 1198 1797 Etenim
1264 1776 1266 1784 ,

160 1854 249 1920 quae
261 1830 353 1915 signa
366 1851 483 1894 rerum
497 1839 576 1894 sunt
588 1829 770 1911 naturalia,
793 1853 832 1895 ea
846 1829 935 1918 ipsus
949 1832 1192 1916 quodammode

90 1933 93 1937 ’
160 1932 547 2018 res1·efemnt·adeoque
560 1930 662 1997 etiam
674 1933 941 1998 meritoillarum
955 1957 1087 2000 nomen
1096 1957 1193 2002 usur-

158 2049 252 2129 pant.
296 2037 438 2102 Diversa
453 2048 565 2101 autem
579 2031 667 2097 ratio
680 2031 817 2099 iilorum
832 2035 1003 2120 signorum
1022 2049 1091 2119 est,
1114 2056 1197 2126 quse

159 2143 239 2207 sunt
253 2129 444 2205 arbitraria
485 2139 524 2206 ln
539 2137 590 2203 his
607 2133 700 2201 enim
713 2158 766 2203 res
782 2161 886 2226 perse
898 2139 991 2203 haud
1004 2163 1202 2227 agnoscun-

158 2254 219 2310 tur
240 2254 376 2333 propter
389 2237 714 2321 dissimilitudinem,
735 2253 983 2328 proptereaque
994 2244 1065 2326 jam
1085 2244 1204 2331 durior

143 2356 146 2361 '
159 2357 210 2411 est
223 2346 275 2410 vel
288 2344 449 2409 audacior
463 2341 554 2429 tropi
568 2339 672 2421 ratio,
685 2343 744 2428 qui
759 2364 838 2407 eum
851 2342 892 2408 iis
903 2366 1021 2410 rerum
1036 2348 1202 2421 vocabula

156 2447 394 2515 eommunicet.
438 2446 491 2510 Ex
503 2443 569 2508 hoo
581 2454 697 2508 autem
709 2464 834 2529 genere
848 2467 921 2515 esse
935 2458 1075 2535 tropum
1088 2451 1201 2535 illum,

157 2572 261 2635 quem
281 2547 390 2614 noeirs
404 2547 463 2611 illa
476 2544 600 2610 Christi
611 2543 762 2612 formula
776 2549 989 2634 agnoscimus
1001 2597 1010 2630 ,
1032 2575 1101 2639 per
1112 2576 1151 2621 ae.
1163 2554 1201 2621 iit

157 2648 387 2717 manifestum.
431 2649 532 2713 Certe
549 2668 652 2731 quam
665 2648 919 2717 similitudinem
935 2675 1058 2742 corpus
1072 2655 1200 2722 Christi

155 2751 322 2836 majorem
336 2768 413 2816 cum
427 2771 517 2836 pane
528 2749 685 2816 habuerit
698 2773 798 2837 quam
814 2778 892 2820 oum
907 2756 973 2820 alio
988 2757 1110 2841 quovis
1122 2782 1197 2826 eor·

153 2870 251 2946 pore,
266 2853 421 2938 equidem
430 2876 498 2918 non
512 2853 654 2945 reperio.
682 2855 798 2941 Itaque
811 2857 1102 2943 quemadmodum
1115 2861 1197 2944 dixi,

146 2965 293 3043 ,tropum
314 2977 417 3040 quem
438 2955 475 3020 in
495 2953 547 3020 his
566 2955 678 3022 verbis
694 2960 802 3025 nostri
816 2971 971 3026 statuunt
984 2961 1115 3035 durum
1126 2986 1197 3032 esse

153 3068 256 3141 atque
269 3056 466 3124 inusitatum
479 3056 848 3148 minimenegaverim3
869 3062 961 3126 idem
977 3072 1095 3131 tamen
1111 3089 1195 3133 oon-
1259 3072 1264 3115 '-

154 3159 267 3236 tendo‚
279 3145 354 3245 'ejus
367 3162 567 3248 agnoscendi
581 3159 749 3248 rationem
766 3164 934 3251 discipulis
947 3165 1074 3232 Christi
1091 3168 1196 3249 fuisse

152 3263 354 3352 expeditam.
390 3258 532 3345 Etenim
540 3264 631 3353 tropi
644 3266 844 3349 agnoscendi
856 3290 925 3332 non
937 3270 1063 3351 juetam
1081 3274 1194 3355 modo,

56 3390 63 3401 ¹
142 3358 210 3433 'sed
232 3369 454 3435 necessariam
476 3386 628 3434 caussam
647 3386 721 3433 esse
733 3392 834 3456 supra
845 3368 1011 3452 vidimus
1034 3374 1098 3438 sie
1112 3396 1195 3442 uer·

151 3467 204 3534 bis
213 3472 354 3570 proprie
370 3469 553 3537 intellectis
562 3481 624 3534 aut
639 3472 864 3559 repugnantia
877 3486 1026 3560 emergat
1038 3489 1098 3541 aut
1115 3502 1194 3546 ma·

150 3572 276 3640 nifasta
297 3575 495 3641 absurditas.
529 3571 685 3659 ‘Atque
674 3586 722 3639 tta
744 3575 925 3663 discipulos
948 3576 1112 3644 Christi
1101 3600 1193 3676 apros

148 3677 312 3772 judicasse
325 3700 455 3777 magno
462 3701 500 3743 ar
500 3686 661 3761 gumento
677 3689 724 3742 est
738 3677 825 3742 illud
840 3679 942 3765 quod,
965 3702 1073 3766 quum
1088 3682 1192 3751 Chri·

139 3789 218 3843 atus
237 3780 328 3902 apud
350 3764 520 3847 Joanrsem
541 3776 582 3846 V
576 3780 607 3861 I
625 3779 676 3845 55.
701 3781 760 3846 illa
784 3780 925 3846 diceret·
957 3777 1077 3902 'Apim
1108 3785 1191 3871 eipsir

146 3881 264 3967 λέγω
244 3883 332 3963 υμῖν,
354 3882 659 3969 {depauperatum
678 3881 777 3966 ’σάρκα
793 3885 933 3951 τοῦυἱοῧ
948 3913 1002 3951 του
990 3886 1190 3972 ἄνθρῶπου
1261 3894 1263 3959 i

145 4009 197 4050 aas
190 3986 302 4060 πίητε
316 3984 411 4050 αὐτοῦ
423 4012 455 4051 το
448 3984 564 4065 αἷμα,
585 3985 733 4069 011κὲ1111
747 3981 872 4063 11111νὲ1
888 3989 1018 4068 ἑαυτοῖς,
1042 4002 1120 4057 tum
1139 3991 1189 4059 illi

145 4086 332 4156 admodum
347 4086 467 4155 offensi
478 4086 543 4153 hae
557 4088 710 4157 oratione
722 4087 987 4156 admirationem
1000 4091 1055 4162 tris
1067 4095 1188 4176 verbis
