2708 4636
513 334 600 389 v·-
656 320 885 391 rem-2

164 479 396 561 mirabuntur,
417 496 537 566 parum
555 474 789 562 intelligentes,
812 461 1004 562 quidnobis
1020 485 1090 544 am
1107 503 1209 547 scru-

72 635 105 650 ,,
164 583 282 672 puicu
298 579 469 667 alugensi
483 578 639 645 velimus.
672 579 759 645 usu
772 597 854 642 vero
870 578 960 644 inter
974 602 1107 646 caussas
1122 567 1208 666 ιιι,

87 680 90 684 “
164 694 310 774 propter
328 704 410 768 quas
429 681 465 748 in
488 693 586 747 tanta
599 682 776 746 doctorum
792 681 970 748 hominum
987 684 1211 752 multitudine

146 801 238 854 'tam
259 789 302 851 sit
320 782 524 851 incredibilis
549 805 671 852 eorum
693 783 860 872 paucitas,
889 785 924 850 iu
951 787 1073 874 quibus
1092 787 1212 874 judicii

133 912 136 917 ⁴
156 887 334 973 ¹elegantia
357 899 391 954 et
411 889 577 975 genuinus
598 886 732 978 pulchri
748 908 866 952 seusus
879 902 949 954 non
962 890 1215 978 planedeside·

170 1003 286 1074 retur,
309 991 392 1057 hae'e
415 1013 483 1056 nou
506 991 643 1082 videtur
661 1010 732 1054 esse
746 1001 935 1078 postrema,
958 991 1048 1087 quod
1064 1016 1083 1057 a
1099 995 1216 1083 prima

61 1174 63 1179 ,
170 1094 251 1162 inde
267 1104 374 1159 aetate
388 1094 429 1160 iis
446 1093 599 1163 videndis
612 1090 853 1177 audiendisque
866 1092 1103 1178 adsuescimus,
1125 1099 1216 1184 quo-

171 1212 249 1261 rum
266 1195 487 1262 desuetudine
500 1186 639 1260 denium
654 1194 764 1258 aditus
780 1207 921 1281 paratur
943 1197 985 1261 ad
1001 1197 1093 1263 illam
1109 1221 1214 1285 quam

120 1370 124 1382 Ι
171 1317 233 1363 nos
249 1299 445 1381 quaerimus
461 1297 665 1362 fatffultatem
712 1295 794 1385 Quo
808 1295 862 1374 fit,
874 1308 913 1361 ut
928 1299 1102 1383 judicium,
1118 1312 1222 1366 ahte-

169 1419 277 1486 quarn
302 1401 448 1499 coeperit
468 1400 631 1487 formari,
665 1411 921 1486 corrumpatur,
952 1402 1100 1488 vitiaque
1119 1404 1218 1491 prius

54 1543 56 1546 -
119 1572 123 1577 ,
173 1501 240 1566 sint
267 1490 457 1575 evellenda,
489 1508 590 1595 quani
619 1503 753 1569 virtutis
772 1500 841 1567 ulla
864 1503 994 1569 semina
1018 1507 1218 1592 spargenda.

102 1598 104 1603 ’
170 1603 289 1691 ltaque
306 1603 406 1670 nobis
425 1605 564 1691 quidem
585 1605 728 1672 monstri
745 1603 855 1670 simile
870 1602 1006 1670 videtur
1019 1607 1217 1692 legentibus,

173 1707 266 1796 apud
292 1719 422 1774 veteres
450 1719 520 1800 tam
543 1706 664 1774 subtile
685 1705 819 1772 aurium
841 1703 929 1771 vel
917 1730 954 1772 m
978 1708 1076 1795 plebe
1097 1707 1219 1774 infima
1252 1779 1257 1790 ,

75 1803 76 1808 ’
174 1802 336 1893 judicium
350 1810 466 1891 fuisse,
484 1823 525 1884 ¹ut
542 1824 574 1876 et
587 1812 754 1878 Graecula
767 1810 931 1898 quaedam
946 1808 1066 1875 infore
1080 1808 1216 1872 femella

176 1909 213 1975 in
235 1911 446 2028 Theophrast
447 1938 468 1977 o
434 1914 592 1980 t-Attici
612 1912 778 1979 seimonis
800 1910 988 1986 desiderans
1004 1908 1216 1995 elegantiam,

176 2032 257 2077 eum
278 2016 494 2103 peregrinum
519 2039 589 2082 esse
608 2013 828 2105 intelligeret,
851 2026 883 2078 et
897 2015 1025 2081 Romae
1039 2028 1217 2075 numerose

173 2111 212 2180 in
230 2114 299 2181 fine
318 2116 448 2207 periodi
468 2102 683 2185 cadentibus
695 2117 807 2182 verbis
824 2128 895 2182 tota
908 2138 1007 2214 saepe
1022 2111 1139 2178 concio
1156 2133 1226 2176 ex

173 2217 348 2287 clamaret.
400 2221 487 2288 Mihi
500 2223 584 2288 haec
597 2233 631 2286 et
643 2222 723 2287 talia
738 2243 807 2285 non
819 2217 964 2301 nimium
980 2216 1138 2300 videntur
1152 2213 1224 2278 mi-

77 2327 80 2338 '
172 2321 294 2386 ⁴Isinda.
339 2325 458 2410 Neque
478 2326 570 2390 enim
583 2324 673 2409 apud
689 2321 765 2386 illos
780 2322 964 2406 elegantiae
980 2330 1013 2383 et
1025 2295 1223 2407 pulchritu-

64 2449 66 2456 ’
175 2420 268 2486 diuis
278 2425 441 2508 judicium
456 2429 513 2492 vel
528 2427 647 2492 scholis
664 2436 734 2488 erat
748 2425 936 2496 inclusum,
958 2422 1015 2486 vel
1032 2441 1224 2512 paucorum
1244 2458 1248 2468 ·

74 2533 95 2609 j
118 2535 122 2547 “
174 2523 360 2592 hominum
381 2529 616 2596 lucubratione
635 2525 889 2605 continebatur,
920 2525 978 2589 sed
995 2521 1154 2635 quotidie.
1160 2543 1224 2584 au·

180 2623 318 2691 diebaut
347 2651 496 2696 summos
518 2644 664 2695 oratores
687 2641 788 2714 atque
803 2640 918 2713 poetas
939 2625 1016 2692 vel
1007 2648 1043 2688 m
1060 2622 1224 2687 concione
1243 2678 1252 2687 ..

180 2708 286 2792 verba
304 2727 428 2798 facient
416 2745 464 2799 tes
485 2735 540 2798 vel
567 2733 608 2796 de
629 2730 840 2817 eloquentiae
862 2743 922 2794 aut
944 2749 1084 2815 poeseos
1110 2729 1225 2819 palma

108 2879 113 2896 1
180 2824 270 2895 inter
293 2853 329 2895 se
354 2835 488 2921 publice
508 2847 692 2901 cenantes:
714 2832 884 2919 perlectae
900 2843 1014 2896 autem
1031 2829 1226 2944 pulchritu-

156 2963 159 2967 ’
181 2929 266 2997 dinis
289 2932 413 3001 formas
427 2925 550 3032 partim
564 2939 600 3003 in
612 2937 840 3004 aedificiorum
856 2935 1073 3000 intuebantur
1087 2930 1228 3026 magui-

84 3064 88 3084 ι
179 3030 315 3102 ficeutia
332 3053 434 3127 atque
448 3041 674 3157 simplicitate,
695 3039 819 3130 partim
834 3039 871 3103 in
886 3056 1098 3100 summorum
1115 3032 1227 3097 artifi-

176 3128 271 3201 'cuth
283 3143 456 3208 communi
477 3145 515 3208 in
529 3143 688 3232 adspectu
700 3143 815 3232 positis
830 3137 1075 3210 monumentis,
1098 3136 1225 3223 partim

182 3233 219 3302 in
241 3238 452 3317 Graecorum
474 3256 663 3355 corporum
685 3241 875 3309 admirabili
899 3237 1152 3330 pulchritudine
1170 3248 1227 3300 at-

184 3359 251 3424 que
275 3359 472 3439 venustate:
495 3360 665 3436 postremo
687 3370 726 3412 ea
746 3345 879 3424 omnia,
908 3366 995 3432 quac
1009 3340 1104 3405 nobis
1121 3338 1198 3402 vel
1189 3360 1228 3402 ιιι

123 3472 125 3479 ⁴
177 3441 311 3533 'scholis
333 3449 422 3518 vel
411 3473 447 3516 ιιι
468 3450 570 3542 libris
586 3449 674 3516 vel
661 3472 699 3515 ιιι
719 3449 862 3514 occlusis
884 3447 1076 3536 principum
1100 3440 1228 3506 muscis

110 3607 112 3611 ,
158 3547 436 3642 porticibusque
455 3567 534 3620 sunt
554 3550 802 3641 quaerenda,
792 3574 828 3614 ιιι
851 3548 981 3613 oculis.
978 3566 1108 3631 semper
1121 3543 1231 3608 habe

172 3678 179 3689 a
185 3643 287 3739 ιιιιιιι
312 3651 446 3741 Quibus
463 3656 563 3721 rebus
577 3653 619 3720 ab
634 3652 846 3720 incunabulis
862 3650 934 3715 fere
945 3647 1108 3712 formatos
1124 3659 1158 3711 et
1171 3645 1231 3710 iu·-

185 3750 332 3819 nutritcs
345 3760 471 3824 multoe
485 3781 526 3823 ex
539 3758 638 3846 plebe
653 3741 808 3825 homines
823 3756 865 3819 dc
878 3751 971 3818 omni
989 3749 1153 3837 elegantia
1169 3771 1232 3814 re·

172 3850 273 3920 *otius
288 3878 389 3948 saepe
402 3859 553 3940 sensisse,
573 3881 676 3945 quam
689 3858 749 3945 qui
764 3854 855 3944 apud
870 3876 931 3919 nos
946 3853 987 3917 de
998 3852 1121 3916 litteris
1137 3851 1234 3942 judi-

107 4012 110 4016 ·
170 3950 277 4020 '⁰511OE
303 3955 496 4030 audentsibi
508 3962 694 4041 vindicare,
717 3953 857 4038 nemini,
878 3969 919 4022 ut
942 3956 1075 4046 opinor,
1089 3976 1231 4041 prorsus

169 4054 392 4151 ‘'inaeqbtts,
406 4062 588 4134 videbitur·
638 4058 886 4153 Nobisccdtra
905 4082 970 4150 pro
993 4055 1233 4144 magnitudine
