2708 4636
566 367 869 433 ....,....

190 525 292 594 nimis
321 520 512 610 vulgarem,
551 533 610 586 eut
642 517 811 586 adfectata
838 516 1037 589 difficultate
1058 519 1245 612 habituque

190 651 315 719 parum
329 624 477 692 naturali
487 623 685 692 offendunt:
703 644 851 709 quorum
868 627 1014 693 alterum
1028 647 1073 692 ex
1090 624 1244 694 infirmi·
1280 682 1286 702 „
1323 630 1326 655 ¹

142 756 147 778 ¹
191 745 258 797 tate
279 733 478 816 languorem
498 724 631 808 adfert,
653 725 798 794 alterum
818 726 916 794 irrito
938 728 1115 796 conamine
1137 750 1243 817 expe-

190 835 371 902 ctationem
386 830 576 897 frustratur.
614 829 769 897 Tandem
787 850 874 918 quae
889 843 921 896 et
933 831 1018 896 inse
1031 853 1115 899 vera
1130 841 1242 905 recta,-
1285 863 1288 874 ·

191 960 258 1024 que
271 946 360 1016 sunt,
373 956 484 1020 neque
496 933 534 999 in
548 930 660 1003 forma
675 932 744 1000 ulla
761 955 803 999 ex
817 942 915 1023 parte
930 931 1098 1015 deficiunt,
1124 945 1242 1002 tamen
1336 1006 1337 1011 ,

187 1041 263 1107 loco
282 1061 354 1105 non
375 1061 436 1105 suo
459 1037 547 1104 dicta
575 1036 612 1105 in
631 1037 821 1105 maximam
848 1035 1030 1103 incurrunt
1049 1033 1241 1124 reprehen-
1341 1068 1349 1078 ·

189 1162 333 1208 sionem.

272 1243 403 1312 Veritas
424 1245 558 1335 quidem
573 1245 646 1339 ipsa
660 1244 815 1335 quamvis
830 1267 893 1334 per
907 1266 944 1310 se
955 1264 1080 1333 parum
1093 1243 1137 1311 ad
1151 1243 1239 1332 pul-

189 1347 417 1416 chritudinem
439 1353 569 1437 valeat,
599 1364 713 1418 tamen
734 1346 888 1438 profecto
912 1344 976 1413 uisi
992 1344 1095 1434 quod
1117 1367 1241 1412 verum
1282 1356 1285 1367 '

191 1452 252 1535 sit,
271 1452 456 1541 pulchrum
473 1474 544 1518 esse
567 1451 654 1518 nihil
676 1449 815 1517 omnino
832 1461 955 1541 potest.
1012 1450 1129 1540 Itaque
1157 1447 1241 1516 falsa

188 1555 302 1621 omnia
325 1553 463 1622 nonnisi
484 1554 649 1642 tantisper
670 1554 814 1643 placent,
837 1552 948 1640 quoad
965 1575 1083 1619 errore
1099 1550 1238 1640 quidem

186 1657 299 1743 aliquo
320 1681 386 1747 pro
406 1655 498 1721 veris
517 1656 705 1737 habentur,
728 1667 847 1741 aperto
872 1665 986 1721 autem
999 1654 1058 1722 illo·
1075 1679 1154 1726 cum
1169 1653 1239 1737 fide

188 1760 292 1826 simul
312 1759 475 1826 amittunt
488 1758 631 1847 speciem
645 1755 913 1848 pulchritudinis.
958 1752 1063 1845 quue⁸
1077 1753 1153 1824 fieri
1172 1753 1238 1821 ali-

86 1877 88 1880 ’
187 1875 242 1928 ter
264 1885 344 1926 sane
361 1883 432 1924 non
455 1873 578 1949 potest.
623 1859 728 1952 Quod
755 1859 847 1927 enim
870 1859 1007 1944 falsum,
1028 1859 1120 1928 idem
1135 1860 1239 1925 inane

187 1976 296 2046 atque
309 1961 396 2027 nihil
415 1974 471 2025 est.
520 1963 652 2030 Earum
682 1975 796 2029 autem
822 1961 1070 2051 adfectionum,
1112 1960 1237 2050 quibus

189 2062 318 2148 aliquid
341 2085 413 2127 esse
433 2062 590 2148 ponitur,
613 2065 707 2129 nulla
732 2065 847 2130 locum
879 2067 1005 2131 habere
1029 2076 1140 2154 potest
1170 2059 1237 2129 nisi

185 2165 224 2231 in
239 2186 279 2228 eo
294 2162 414 2250 quod
404 2185 549 2277 ipsum
540 2176 590 2228 est
610 2163 753 2250 aliquid:
790 2162 883 2228 unde
909 2162 1067 2247 efficitur,
1092 2177 1132 2231 ut
1151 2165 1237 2253 pulo¹

187 2269 312 2334 chrum
332 2263 459 2330 censeri
475 2264 539 2330 nisi
530 2262 649 2383 quod
665 2286 786 2330 verum
802 2265 844 2330 sit
858 2263 947 2330 nihil
962 2266 1075 2352 possit.
1117 2265 1238 2351 Neque
1264 2338 1268 2347 ¹

186 2392 248 2456 ego
272 2391 364 2433 nunc
392 2354 475 2434 falsa
494 2344 580 2450 dico,
602 2388 750 2454 quorum
769 2365 878 2433 simile
892 2362 1005 2443 nihil'
993 2389 1031 2432 m
1049 2367 1151 2432 rebus
1170 2362 1238 2437 illis

185 2491 275 2561 quae
287 2468 435 2535 existunt
450 2469 735 2563 deprehendatur,
757 2469 870 2558 qualia
884 2467 993 2558 poetis
1004 2469 1085 2536 licet
1096 2452 1237 2569 quidem
1275 2534 1276 2539 ,

181 2573 264 2641 illis
274 2571 434 2659 effingere
461 2572 588 2653 'multa3
615 2572 700 2667 quin
727 2571 842 2662 potius
864 2572 1022 2639 existimo
1042 2570 1120 2655 illa,
1149 2592 1236 2659 quae

99 2680 105 2693 ’
182 2674 365 2743 falsitatem
387 2661 721 2756 habentmrernam,
742 2675 852 2741 itaut
875 2673 1235 2763 nequephantauaea

130 2776 132 2781 ’
183 2776 273 2843 tueri
288 2797 398 2863 neque
410 2798 505 2840 mens
519 2776 720 2863 cogitatione
734 2777 1026 2891 comprehendere
1041 2774 1155 2890 possit.

268 2870 472 2964 Hujusmodi
494 2901 575 2944 vero
596 2901 650 2943 res
671 2889 704 2943 et
726 2877 786 2964 qui
807 2878 930 2945 dieunt
947 2890 981 2943 et
1003 2900 1062 2966 qui
1052 2877 1233 2967 probant,

177 2974 275 3051 ¹certe
288 2979 326 3048 id
336 2966 619 3068 faciuntv‘eritatis
632 2960 894 3095 quadamspeeie
902 2991 1003 3068 atque
1014 2979 1233 3047 similitudine

181 3070 327 3174 decepti.
335 3064 460 3170 Atque
473 3084 539 3151 hoe
554 3082 688 3171 turpius
702 3082 739 3149 in
752 3103 793 3146 eo
808 3103 932 3168 genere
948 3093 997 3147 est
1011 3083 1144 3167 vitium,
1163 3105 1232 3170 quo

182 3188 291 3255 levior
315 3176 365 3250 esl
387 3183 613 3251 similitudinis
643 3183 785 3272 speeies,
815 3205 951 3270 quoque
970 3184 1102 3272 longius
1125 3186 1234 3300 petita

152 3326 156 3338 ·
181 3287 269 3356 ratio
286 3287 356 3374 ejus
374 3287 463 3373 quod
477 3288 603 3353 dieitur
616 3297 680 3353 aut
691 3285 842 3377 fingitur.
878 3288 970 3354 Inest
985 3299 1101 3353 autem
1117 3285 1231 3353 omnis

182 3389 368 3461 similitudo
388 3389 445 3454 vel
464 3387 501 3453 in
515 3378 615 3465 rebus
628 3389 686 3453 vel
699 3386 736 3453 in
750 3386 875 3455 verbis.
913 3388 1013 3455 Prius
1027 3386 1112 3453 illud
1124 3408 1231 3474 genus

126 3506 129 3514 '
182 3517 264 3584 prae
277 3489 456 3582 posteriori
472 3501 566 3557 tanto
580 3487 786 3580 paratiorem
798 3489 923 3571 habere
936 3490 1076 3576 videtur
1088 3511 1231 3556 excusa-

182 3593 328 3676 tionem,
350 3607 477 3678 quanto
502 3593 636 3665 facilior
659 3611 730 3656 esse
754 3592 851 3658 debet
871 3614 988 3657 rerum
1009 3590 1112 3657 etiam
1136 3591 1231 3659 dissi-

183 3694 408 3773 millimarum
430 3695 473 3762 ob
488 3676 714 3762 similitudinis
734 3692 920 3782 quemdam
954 3690 1102 3792 speciem
1127 3694 1231 3782 quam

182 3808 326 3889 propter
346 3796 482 3863 inanem
508 3796 695 3899 verborum
716 3818 841 3876 sonum
862 3799 954 3863 inter
967 3817 1002 3862 se
1016 3794 1231 3885 permutatio.
1252 3874 1255 3883 ¹

183 3901 252 3970 Sed
272 3918 469 3988 quanquam
487 3899 596 3964 omnis
608 3901 715 3977 circa
735 3901 849 3968 verba
855 3899 1023 3966 aberratio
1037 3896 1140 3965 habet
1150 3923 1232 3989 per-

183 3998 336 4070 multum
357 4023 436 4066 sane
456 4000 620 4088 levitatis,
641 4013 760 4083 tamen
771 4018 806 4071 et
824 4002 862 4072 iu
883 4001 940 4067 illa
951 4013 1104 4095 parte
1060 4001 1233 4068 interdum

186 4114 289 4173 tante.
300 4113 352 4169 est
372 4103 535 4191 peccandi
553 4106 802 4197 imprudentia,
822 4118 864 4172 ut
880 4106 955 4174 vel
952 4104 1101 4172 maxime
1114 4102 1232 4194 pueti-¹
1262 4152 1266 4177 .
1300 4200 1302 4207 Α
