2708 4636
528 354 539 377 :
553 327 647 374 '·-·-
692 316 753 388 158
792 350 880 373 -··

484 416 537 457 t>

192 477 373 587 ’μοι’ῐίιιιιι,
396 475 436 558 ιιΙ
449 476 604 574 noem
624 502 772 559 mortem
786 515 853 558 non
867 515 940 560 esse
953 474 1108 566 maixime
1127 499 1193 571 sed
1203 515 1257 575 est
1286 506 1288 509 ’

208 595 354 689 difficile
360 646 373 677 ,
396 597 480 663 haec
500 597 567 662 duo
590 594 801 686 confundere
805 645 819 678 ,
842 596 865 661 i.
882 621 910 662 e.
931 620 1001 664 una
1024 602 1255 691 disputatione

142 708 145 725 '
207 702 256 767 sta
271 700 469 788 complecti
486 711 526 764 nt
541 698 582 764 ab
596 721 632 764 se
653 719 724 763 non
740 693 807 789 sint
827 702 1021 786 separanda.
1064 705 1155 794 Ergo
1172 735 1256 778 con—

201 801 357 895 fundere
379 799 533 868 Ciceroni
552 800 609 865 hio
630 801 720 867 idem
743 813 810 883 est,
843 802 933 888 quod
962 804 1033 869 aliis
1056 807 1136 873 locis
1164 812 1255 894 dicit,

115 916 120 959 3
207 926 315 997 agere
330 898 490 994 confuse,
514 903 689 990 degenere
704 903 887 969 disserendi
910 906 1051 972 minime
1065 911 1185 980 vitioso
1200 912 1257 983 lo-

208 1012 334 1096 quemi
354 1020 395 1072 ut
415 1007 458 1071 de
478 1019 546 1072 nat.
567 1008 659 1072 deor.
681 1007 737 1072 ΠΙ.
756 1006 787 1071 8.
808 997 931 1096 Itaque
955 1011 1107 1076 maxime
1122 1011 1179 1081 r'es
1195 1030 1256 1085 Ια·
1287 1064 1289 1068 -

208 1111 299 1178 'citae
317 1111 600 1199 praeterierunt,
595 1098 666 1175 uie
688 1105 919 1200 divinatione,
943 1107 987 1173 de
1002 1108 1106 1201 fato3
1128 1121 1253 1210 quibus

207 1210 251 1280 'de
279 1213 535 1304 quaestionibus
562 1223 599 1279 tu
630 1210 769 1302 quidem
790 1211 960 1294 strictim,
1004 1222 1116 1285 nostri
1134 1204 1254 1291 autem

162 1312 166 1341 *
206 1317 319 1413 muita
333 1317 446 1382 solent
459 1314 576 1382 dicere
584 1340 597 1396 ς
618 1315 682 1380 secl
694 1314 738 1381 ab
753 1314 820 1381 huc
837 1317 1050 1404 quaestione,¹
1059 1345 1147 1410 quae
1164 1349 1251 1392 nunc

203 1419 243 1503 in
257 1418 419 1485 monibus
433 1427 501 1498 est,
525 1419 745 1506 separantur.
789 1418 926 1502 Quare,
950 1420 982 1484 a·
998 1422 1157 1508 videtur,
1181 1424 1254 1496 noli
1326 1435 1329 1439 ’

204 1546 312 1615 agere
332 1519 493 1611 confiteo.-
525 1533 565 1586 ut
586 1520 656 1588 hoc'
681 1521 893 1610 explicemus
915 1522 982 1589 tac
1004 1525 1252 1616 disputatione,

205 1627 309 1746 quod
316 1625 506 1716 quaeritur.
549 1625 641 1713 Idem
664 1624 805 1714 proP.
806 1625 925 1703 Sextio
940 1627 980 1691 ΙΙ.
1004 1626 1075 1693 Sed
1088 1633 1253 1719 quoniam

109 1729 112 1736 ’
202 1730 323 1823 singul
324 1726 354 1794 is
309 1726 576 1795 icriminibus
600 1728 733 1795 caeteri
751 1727 1020 1817 responderunt,
1049 1731 1166 1798 dicam
1182 1755 1249 1832 ego

205 1833 248 1898 de
264 1856 359 1898 omno
353 1829 523 1896 st.atuP
539 1829 665 1913 Sextii,
685 1865 729 1883 -
749 1867 792 1882 -
814 1833 1156 1924 contendomque‚'
1124 1859 1155 1900 so
1170 1861 1247 1901 mo-

204 1933 248 2001 cio
267 1935 306 2000 ici
321 1957 481 2024 consequi
475 1935 634 2023 potero,
666 1945 706 2000 ut
721 1934 757 2000 in
772 1935 839 2000 isac
858 1934 1007 2025 confiteo
1014 1985 1027 2016 ,
1051 1949 1151 2054 atque
1166 1937 1247 2011 uui-

201 2042 305 2110 versa
319 2028 518 2128 defensione
542 2037 633 2104 nihil
645 2059 669 2102 ιι
685 2061 740 2103 me
760 2073 805 2091 -—
824 2073 869 2090 -
883 2039 1175 2164 praetermissum
1192 2064 1249 2108 es·

201 2164 238 2210 se
253 2142 372 2211 uideat
359 2153 425 2207 t.ur
601 2157 604 2162 '

287 2244 392 2318 XVII.
415 2236 541 2317 Num
527 2245 637 2337 igitur
649 2243 860 2328 dubitamus,
884 2267 944 2329 aa,
964 2245 1092 2335 sicutp
1094 2247 1253 2338 loroque„

201 2336 252 2418 iic
275 2363 311 2416 et
331 2349 424 2422 iios?
452 2368 672 2438 quamquam
665 2349 739 2414 hoc
754 2350 895 2466 quidem
910 2349 1073 2415 minime.
1095 2364 1252 2436 pensua-⁴

108 2518 111 2523 .
201 2452 285 2520 dent
301 2452 399 2525 enim
421 2450 725 2516 mathematici
658 2498 681 2530 ,
712 2461 845 2517 terram
866 2453 901 2518 in
924 2453 1038 2518 medio
1057 2451 1232 2518 mundo
1200 2476 1252 2518 sz-

201 2562 277 2621 iam
292 2555 373 2637 cet]
402 2544 528 2619 Facile
550 2553 713 2617 assentior
727 2553 890 2642 Bentlejo,
914 2554 1110 2644 particulam
1124 2579 1171 2621 an
1185 2556 1249 2621 de-

110 2720 118 2727 ,
200 2652 293 2722 lenti.
336 2655 415 2721 Non
437 2655 519 2719 item
542 2655 592 2720 illi
613 2645 788 2736 accedam,
810 2657 915 2723 verba
933 2658 1013 2738 ists,
1037 2681 1247 2748 quamquam

148 2794 151 2800 ·
199 2753 265 2828 ios
290 2757 429 2848 quidem
452 2754 614 2822 minimes
636 2750 854 2848 persuadent
872 2760 963 2825 enim
991 2759 1246 2850 mathematici,

166 2869 169 2876 ’
199 2861 331 2929 uncinis
351 2859 556 2944 includenti‚
589 2853 632 2926 ut'
647 2863 819 2949 sequentia
845 2850 923 2928 curn
951 2862 1180 2950 superioribus
1199 2861 1248 2926 sie

198 2958 465 3050 conjungantur:
491 2962 590 3031 Num
612 2967 722 3058 igitur
736 2965 947 3045 dubitamus,
972 2977 1103 3046 terram
1117 2966 1154 3031 in
1170 2988 1247 3030 me-

199 3066 271 3132 dio
284 3067 410 3153 mundo
427 3069 533 3134 sitam
546 3077 609 3135 cet.
655 3069 824 3158 Quamvis
844 3067 948 3155 igitur
963 3067 1044 3132 olim
1058 3065 1140 3153 ipse,
1156 3090 1245 3182 non-

144 3166 336 3235 dum
302 3193 375 3236 visa
397 3170 483 3237 mihi
505 3171 646 3251 Bentleii
668 3166 972 3247 animadversione,
1005 3168 1117 3232 locum
1137 3167 1183 3232 ita
1207 3168 1245 3232 in

198 3273 354 3358 ordinem
373 3272 594 3360 redigendum
618 3294 834 3348 censueram
857 3277 972 3335 tamen
992 3281 1122 3357 postea,
1145 3291 1250 3335 accu-

195 3375 299 3442 ratius
321 3369 452 3460 cognito
478 3370 653 3441 Ciceronis
669 3397 779 3463 more,
814 3358 964 3439 animum
990 3373 1081 3436 ιιΙΙιο
1101 3368 1244 3435 mutavi.

195 3477 272 3546 Non
287 3476 387 3552 enim,
410 3501 437 3541 ει
429 3477 613 3562 svnlgari
603 3475 772 3546 scribendi
788 3472 1025 3540 consuetudini
1041 3471 1146 3557 magis
1161 3494 1247 3536 oon·

194 3577 336 3660 veniens
345 3587 405 3643 'est
421 3580 478 3646 ills
494 3578 598 3662 ratio,
626 3581 731 3668 magis
750 3578 849 3643 etiam
865 3575 1022 3642 habenda
1038 3584 1085 3636 est
1103 3574 1244 3639 Cicer-o

93 3673 106 3700 ²
195 3652 311 3744 ιιίιιιιιι.ἶ
354 3680 453 3768 Atqui
470 3629 688 3772 depreliendi,
703 3668 862 3750 ‘Tullium
883 3699 993 3764 saepe,
1017 3696 1104 3760 quae
1119 3685 1245 3740 natura

196 3786 298 3873 eique
327 3805 445 3850 severa
471 3785 637 3852 scribendi
667 3788 742 3872 lege
771 3804 851 3847 cum
874 3778 1123 3844 enuntiatione·
1136 3776 1244 3862 priori

196 3888 522 3971 erant-conjuncta„
539 3911 585 3955 ea.
610 3911 689 3956 cum
706 3883 893 3974 posteriore
913 3879 1045 3966 aliqua,
1078 3898 1150 3943 non
1170 3877 1245 3943 sine

195 3995 291 4072 grata
302 3987 449 4072 quadam
463 3984 848 4078 sermonis-negligentis,
870 3994 1059 4049 contexere.
1110 3980 1162 4046 Sic
1177 3979 1244 4045 inf.

160 4163 166 4167 ,
196 4083 236 4153 C.
253 4083 303 4152 56.
331 4082 410 4156 Hoc
426 4095 658 4182 premendum
680 4092 787 4159 etiam
808 4080 1043 4180 atque'etiom
1064 4093 1117 4150 est
1131 4103 1246 4170 argu-
