2708 4636
458 296 593 399 ,ἑὲ-
634 309 696 399 595
738 338 826 360 -··

153 492 241 573 uiri,
258 485 302 557 ab
321 486 387 555 lroc
408 480 562 570 religioni
574 492 777 566 metuentes,
798 480 940 549 inlibris
953 483 1054 549 sacris
1068 477 1180 552 omnia

155 581 199 647 ad
211 575 375 644 rationem
383 592 544 637 revocare
556 589 690 654 quoquo
698 570 797 635 modo
811 570 1024 635 studuerunt.
1044 564 1183 634 Recenti
1222 610 1225 614 -

156 684 237 737 vero
251 657 413 729 memoria
425 655 605 727 Bahrdtius
621 665 722 739 atque
737 653 881 728 Paullus,
897 654 960 719 viri
972 653 1061 719 docti
1078 664 1112 718 et
1123 651 1182 726 ing·

152 750 254 836 genio
265 745 425 824 valentes,
437 739 556 808 offensi
569 739 822 815 miraculorum,
830 761 914 838 quae
926 738 961 804 in
974 737 1069 805 libris
1083 735 1184 803 sacris

107 864 111 875 r
153 831 361 908 referuntur,
376 826 554 897 insolentia
572 837 671 912 atque
682 825 974 899 multitudme‚-ea
989 843 1124 911 quoque
1138 821 1183 891 ad

153 936 286 988 caumas
296 913 466 981 naturales
479 922 512 975 et
522 923 717 978 consuetum
729 933 845 978 rerum
858 910 1010 977 ordinem
1022 927 1184 975 revocare
1269 986 1272 991 ⁵

155 1012 238 1068 sunt
252 997 379 1079 conati,
397 995 640 1085 interpretandi
652 998 781 1063 ratione
794 1007 927 1081 arguta,
949 1006 1109 1074 contorta,
1130 1002 1186 1056 at·
1226 1030 1230 1035 -
1252 1062 1255 1067 ¹

154 1107 222 1174 que
241 1083 284 1152 ab
296 1082 564 1151 hermeneutices
578 1104 677 1147 sanae
688 1083 871 1169 praeceptis
884 1081 1069 1168 plurimum
1082 1077 1187 1144 aber-

152 1182 264 1249 rante.
283 1166 351 1237 ssd
364 1166 482 1247 etalii,
505 1166 657 1252 quamvis
670 1168 774 1252 magis
787 1166 891 1232 sobrii
902 1177 935 1230 et
949 1161 1141 1242 verecundi,
1155 1161 1185 1229 si

146 1255 238 1345 (quid
258 1255 296 1320 in
315 1252 409 1319 libris
423 1251 521 1320 sacris
536 1253 698 1319 traditum
713 1254 753 1319 ad
770 1264 904 1318 nostrae
918 1250 1034 1317 aetatis
1048 1269 1186 1315 sensum

124 1364 127 1368 ·
153 1339 291 1435 gratim
306 1339 481 1409 rideretur
493 1338 678 1420 offendere,
698 1339 734 1404 id
749 1339 1001 1424 interpretando
1017 1334 1108 1399 velut
1120 1353 1188 1397 ex·

155 1437 336 1503 temtantes
350 1447 391 1501 ac,
405 1423 569 1491 diluentes
585 1424 672 1488 bene
684 1447 720 1489 se
736 1424 778 1489 de
794 1423 956 1511 religione
968 1418 1093 1488 mereri
1108 1415 1187 1481 exi-

154 1512 346 1579 stimarunt.
389 1510 492 1579 Velut
513 1510 555 1574 ad
574 1509 646 1591 illa,
676 1531 761 1594 quae
780 1510 940 1594 leguntur
954 1509 980 1574 Ι.
1005 1506 1105 1573 Petr·
1119 1499 1189 1569 ΙΙΙ.

155 1597 208 1669 18·
224 1618 313 1684 seqq.
335 1590 403 1662 1V.
427 1594 459 1660 6.
487 1606 649 1681 quantum
669 1592 871 1682 ineptiarum
893 1593 1088 1681 interpretes
1109 1586 1190 1653 satis

182 1681 305 1761 robati,
328 1680 407 1745 etin
419 1679 472 1745 his
484 1679 556 1766 ipse
572 1680 732 1760 Grotius,
753 1680 807 1744 vir
819 1700 981 1752 summus,
996 1671 1188 1766 protulerit,

155 1707 266 1837 dicere
285 1764 376 1855 piget
394 1788 433 1830 ac
453 1765 567 1854 pudet.
610 1765 715 1852 Atqui
736 1763 802 1829 niel
823 1764 927 1846 clara,
949 1760 1130 1850 simplicia,
1153 1767 1189 1822 et

154 1877 175 1919 a
199 1863 270 1917 esta
293 1850 440 1915 studiose
470 1850 609 1921 turbare
631 1873 670 1916 ac
688 1860 884 1938 pervertere
903 1848 1004 1925 velis,
1033 1845 1080 1911 ibi
1101 1843 1189 1925 nibil

159 1875 252 2007 eliud
269 1932 406 2009 dieitur,
427 1953 528 2015 quam
550 1934 641 2016 quod
661 1935 767 2001 verba
780 1935 855 2020 ipsa
864 1933 1044 1999 manifeste
1060 1927 1191 2015 signifi-

144 2029 251 2093 -eants
274 2014 466 2092 Christum,
483 2025 669 2102 postquam
685 2019 721 2082 in
735 2019 846 2084 vitam
860 2018 1023 2097 redierit,
1046 2015 1192 2081 dsscen-
1279 2034 1288 2045 ⁸

131 2103 250 2175 ,disse
273 2100 323 2166 od
344 2097 494 2188 inferos,
515 2111 554 2168 ut
573 2098 622 2165 ibi
645 2102 779 2168 animos
802 2125 940 2181 eorum,
963 2105 1022 2189 qui
1036 2101 1201 2188 tempore

157 2186 302 2267 Noacbi
321 2183 487 2261 adsersus
509 2184 613 2253 deum
635 2189 735 2275 quasi
759 2188 904 2253 rebelles
926 2187 1056 2265 diluvio
1069 2183 1191 2273 perie-

160 2285 242 2341 runt
250 2322 266 2353 2
286 2270 446 2341 doctrina
467 2293 540 2367 usa·
551 2269 602 2335 ad
620 2272 801 2338 meliorem
814 2284 964 2339 mentem
972 2271 1191 2362 perduceret.

157 2359 228 2431 Sed
249 2356 411 2429 nimirum
432 2355 512 2421 boni
530 2355 578 2425 tili
594 2357 661 2426 viri
674 2359 841 2424 librorum
855 2381 1024 2426 sacrorum
1038 2353 1193 2421 auctori-

138 2496 141 2502 .
161 2443 222 2513 tati
242 2451 449 2523 metuentes,
468 2441 496 2507 si
513 2440 597 2527 quid
610 2444 646 2508 in
662 2443 728 2508 illis
739 2443 829 2509 tradi
842 2443 1078 2520 concederent,
1099 2435 1193 2523 quod

157 2527 352 2605 viridanti,
375 2537 408 2592 et
428 2537 468 2592 ut
489 2525 560 2592 veri
580 2528 742 2611 amantis,
762 2528 810 2595 ita
822 2528 960 2596 minime
975 2519 1193 2616 superstitiosi
1224 2587 1226 2591 .

157 2613 280 2700 judicio
293 2613 389 2687 baud
400 2608 496 2678 facile
532 2612 720 2694 roboretur,
741 2616 784 2681 ad
798 2614 929 2680 minuta
943 2632 1125 2703 perversae
1136 2606 1196 2673 ine
1216 2688 1219 2693 .
1280 2610 1293 2627 “

162 2695 410 2782 terpretationis
432 2633 573 2771 artificia
593 2700 775 2785 confugere
796 2700 1009 2781 maluerunt,
1032 2719 1134 2784 quam
1146 2693 1212 2774 id,

161 2779 252 2866 quod
267 2780 336 2849 soie
349 2779 469 2847 clarius
484 2792 564 2860 erat,
585 2784 713 2849 videre.
757 2783 897 2870 Quanto
912 2797 1024 2847 autem
1040 2786 1201 2870 praesta-²

160 2864 220 2932 bat
234 2862 270 2933 in
283 2863 336 2933 his
349 2864 495 2949 aliquem
511 2862 693 2950 scriptoris,
715 2879 888 2953 tamquam
897 2867 1061 2943 bominis,
1083 2884 1195 2948 neque

162 2949 278 3019 omnis
305 2947 419 3015 divino
439 2947 598 3013 instinctu
625 2949 796 3018 scribentis
826 2973 975 3017 errorem
1005 2969 1197 3037 agnoscere,

155 3057 268 3127 ¹quern.
287 3032 377 3131 clara
398 3042 432 3095 et
451 3043 568 3130 aperta
588 3032 716 3122 frustra
735 3035 873 3108 celando
894 3037 983 3124 apud
1004 3036 1130 3102 multos
1153 3026 1198 3098 de¹

162 3119 269 3210 ipsius
291 3117 371 3185 hbn
398 3129 597 3191 auctoritate
619 3141 759 3206 gravem
779 3145 993 3188 commovere
1013 3119 1197 3187 dubitatio·

163 3229 254 3289 nem.
281 3203 457 3273 Praeclare
477 3203 521 3268 de
534 3225 573 3269 ea
587 3227 627 3269 re
639 3203 828 3274 semlerus:
852 3207 1123 3285 „Verbosissima
1138 3203 1198 3271 in·
1256 3245 1257 3249 =

160 3290 271 3379 „quiq
286 3301 317 3359 et
332 3288 386 3355 tic
396 3289 495 3361 msrlti
505 3291 702 3377 interpretes
717 3292 750 3357 id
764 3304 911 3380 egerunt,
933 3304 973 3358 ut
984 3313 1121 3358 sensum
1135 3289 1200 3354 ati-

164 3398 289 3465 „quem
303 3373 547 3454 describerent,
600 3377 636 3443 ui
650 3378 789 3444 lectores
802 3380 901 3463 hujus
916 3377 1076 3466 temporis
1090 3375 1199 3441 serim
1217 3378 1220 3387 '

164 3461 234 3559 „ris
248 3472 316 3533 non
330 3483 469 3550 prorsus
487 3397 699 3531 offenderem.
710 3464 780 3564 ipse
794 3465 881 3531 Besa
893 3466 1042 3530 multum
1056 3461 1206 3546 diligen-2

164 3546 311 3642 „traeip
325 3569 399 3617 eam
412 3545 676 3633 rem-impendit
697 3549 769 3619 ttec
783 3573 845 3638 ego
859 3548 1017 3615 refutabo
1031 3548 1127 3613 istam
1144 3544 1201 3611 ἀί*
1268 3564 1276 3581 ’

162 3632 376 3716 ‚digestum
406 3631 482 3718 quia
501 3631 668 3699 lectorum
690 3633 782 3702 idem
803 3648 851 3701 est
871 3637 941 3718 jus,
970 3657 1008 3699 ac
1030 3653 1091 3718 ego
1115 3628 1203 3699 mihi

163 3737 293 3801 „sumo-
336 3713 402 3781 sed
416 3728 450 3781 et
464 3715 623 3806 hasprae
642 3742 698 3785 me
713 3721 805 3798 fero,
827 3720 945 3787 falsam
961 3720 1047 3785 hanc
1060 3739 1129 3783 esse
1141 3728 1202 3782 ree

163 3801 320 3887 „gulams
342 3822 426 3884 quae
447 3801 511 3871 boc
522 3817 694 3891 oenupn:
716 3807 753 3871 in
769 3806 863 3875 libris
878 3807 980 3872 saeris
994 3826 1064 3869 non
1079 3825 1201 3869 occur-

161 3908 263 3972 „1'01'2
286 3885 367 3984 ²³J0⁸
388 3887 583 3973 Sententia&
606 3891 728 3975 quibus
752 3892 934 3960 Christiani
951 3889 1149 3980 posteriores
1166 3895 1203 3955 et

160 3970 404 4070 „perfectiores
421 3994 490 4051 non
512 3975 639 4062 possint
657 3976 726 4065 ipsi
751 3979 926 4058 accedere,
956 3989 1013 4043 snt
1033 3999 1118 4063 quas
1131 3990 1204 4036 non

159 4060 427 4149 „possintntotn
438 4057 510 4128 loco
523 4061 663 4130 omniuo
674 4064 874 4155 relinquere.
896 4064 957 4142 Isti
963 4064 1088 4134 tirones
1099 4053 1200 4133 Chri«
