2708 4636
526 347 616 370 0——
667 331 849 399 sssum-

168 487 242 576 ipsa
255 486 447 553 continetur
462 486 659 574 quantitate.
690 483 790 573 Quae
802 475 855 551 rei
867 485 1079 574 potissimum
1093 488 1209 557 losum

169 577 273 654 habet
300 590 335 655 in
363 588 503 655 diversis
532 588 637 653 animi
658 588 806 654 motibus
829 601 929 674 atque
951 591 1211 674 adfectionibus,
1254 579 1262 593 i

169 711 258 775 quae
288 703 422 756 eertum
456 689 598 767 modum
628 690 828 755 excedentes
857 713 960 777 genus
991 693 1101 783 ipsum
1130 714 1210 759 cum

167 792 306 858 nomine
319 803 468 857 mutante
490 802 528 891 ut
540 813 618 855 cum
630 791 787 875 fingimus
799 814 863 877 pro
880 792 961 860 forti
976 795 1210 878 temerarium,

166 894 367 960 dissolutum
389 917 452 982 pro
474 894 651 974 clemente,
672 888 929 982 furentem'pro
951 897 1053 976 irato,
1082 895 1237 962 adfinia,

144 1044 147 1050 -
167 997 308 1082 singulis
322 996 502 1062 virtutibus
514 997 597 1063 vitia
610 994 859 1084 amplectentes.
901 997 941 1063 ln
958 999 1078 1083 quibus
1092 998 1209 1064 omni-

56 1158 86 1169 ..
159 1099 249 1178 bus,
285 1111 450 1184 quatenus
479 1121 602 1186 genere
638 1111 818 1185 censentur
856 1097 1002 1180 diversa,
1037 1100 1209 1166 exceditur
1302 1118 1308 1141 ¹

81 1248 84 1252 -
165 1201 290 1281 modus
313 1203 488 1287 qualitate:
519 1224 606 1288 quae
630 1200 838 1288 ipsa'tamen,
860 1214 901 1267 ut
912 1202 1013 1290 paulo
1026 1213 1104 1267 ante
1116 1203 1209 1273 ‹lixi-

165 1328 261 1386 mus,
292 1327 312 1368 a
330 1305 514 1391 quantitate
534 1318 603 1369 non
625 1304 750 1371 differt.
800 1306 890 1371 Nam
915 1304 1005 1392 quod
1032 1302 1210 1390 proprium

167 1407 461 1488 est'lortitudiuis,
491 1406 820 1494 periculorumputa
840 1406 1118 1484 contemtidnem,
1146 1405 1212 1473 hee

165 1511 249 1596 ipso,
273 1512 299 1576 si
318 1511 461 1576 nimium
483 1520 542 1588 est,
564 1503 707 1573 effieitur·
727 1511 907 1576 temeritas.
958 1511 1156 1596 Eademque
1175 1521 1209 1575 et

159 1623 355 1679 ,ceterarum
369 1615 536 1678 virtutum
555 1623 605 1676 est
615 1611 713 1676 retia.
1211 1628 1216 1637 ·

248 1715 356 1800 Hujus
375 1728 495 1801 autem
517 1714 590 1781 vitii
611 1737 744 1780 caussae
757 1715 896 1782 omnino
913 1728 992 1782 sunt
1006 1714 1211 1805 repetendae

164 1818 207 1882 ab
226 1841 341 1883 rerum
367 1841 565 1905 magnatum
589 1817 786 1904 ignorantia.
842 1818 958 1904 Neque
985 1819 1141 1906 profecto
1164 1814 1209 1882 de

165 1919 228 1983 illis
242 1919 408 2002 judicium
422 1933 473 1985 est
490 1934 560 1987 tam
579 1920 690 1999 facile,
711 1941 813 2006 quam
829 1921 932 1986 multi
942 1919 1082 1987 fortasse
1090 1917 1209 1985 existi⁴
1272 1957 1287 1971 ιι

168 2017 348 2080 maverint.
405 2023 541 2088 Etenim
579 2025 732 2088 animum
760 2044 920 2108 magnum
943 2034 1038 2108 gerat
1064 2031 1207 2110 oportet,

167 2117 230 2203 qul
253 2139 376 2202 magna
397 2121 449 2182 vel
470 2121 505 2184 in
525 2121 597 2186 aliis
617 2123 804 2209 intelligere
826 2123 911 2189 velit
927 2126 984 2188 vel
1002 2122 1117 2189 eadem
1138 2122 1209 2210 ipse
1270 2120 1272 2125 ’
1319 2118 1323 2131 '

109 2276 112 2281 .
166 2219 334 2287 invenite.
391 2219 437 2287 At
459 2220 518 2307 qui
540 2243 671 2286 necesse
691 2220 793 2287 babet
821 2222 1055 2308 magnitudinis
1082 2226 1208 2291 indicia

165 2336 284 2414 petere
305 2322 480 2392 abrorum
503 2323 622 2390 babitu
645 2334 747 2411 atque
766 2322 878 2388 forma
899 2335 1054 2405 externa,
1081 2328 1117 2393 in
1148 2328 1207 2393 illo
1296 2342 1310 2362 '

81 2462 87 2481 ι
125 2456 127 2463 ·
165 2429 282 2493 omnia
302 2437 383 2491 sunt
402 2424 568 2513 proclivia
586 2425 628 2491 ad
645 2449 807 2497 errorem.
855 2426 943 2497 Nam
968 2449 1053 2515 quae
1066 2420 1208 2496 modum

89 2584 92 2588 .
130 2514 136 2524 ’
165 2530 352 2609 excedunt,
374 2529 411 2594 in
431 2529 496 2594 illis
509 2526 634 2616 speeies
650 2540 698 2594 est
708 2529 865 2616 plurima,
887 2552 965 2596 oum
980 2553 1061 2597 vera
1073 2533 1208 2618 magni-

164 2633 248 2705 tudo
277 2634 353 2720 plus
381 2632 581 2699 abditorum
598 2631 726 2718 ignium
747 2653 849 2720 quam
869 2633 1053 2719 splendoris
1073 2635 1206 2714 habeat,

162 2738 339 2822 multoque
359 2732 479 2799 efficiat
509 2735 610 2822 plura
636 2757 739 2821 quam
767 2734 975 2822 profiteatur.
1026 2735 1207 2823 Quemad-

161 2840 306 2905 modum
332 2835 390 2924 qui
408 2828 571 2924 'corporis
604 2836 726 2901 robore
759 2836 947 2923 plurimum
976 2838 1104 2917 valent,
1135 2837 1207 2900 sine

160 2962 286 3026 magno
307 2940 433 3005 virium
454 2938 529 3003 nisu
546 2938 733 3025 expediunt
749 2960 798 3017 ea,
821 2958 907 3023 quae
922 2936 964 2999 ab
977 2934 1048 3000 aliis
1063 2947 1097 2999 et
1110 2938 1206 3002 vultu

137 3047 141 3052 ’
161 3046 344 3111 nitentium
366 3053 399 3114 et
417 3040 555 3106 intentis
575 3041 730 3106 omnibus
743 3038 855 3105 nervis
873 3050 905 3102 et
915 3037 1040 3122 ingenti
1055 3039 1204 3127 corporis

160 3146 461 3230 membrorumque
475 3144 653 3229 jactatione
669 3165 769 3232 aegre
779 3141 1019 3231 perficiuntur·
1060 3143 1107 3212 At
1120 3143 1205 3208 haee

160 3246 233 3333 ipsa
254 3246 377 3332 vulgus
402 3229 555 3311 maxime
582 3247 772 3326 observat„
790 3245 988 3332 roborisque
1008 3255 1105 3332 putat
1125 3269 1205 3328 esse,

100 3381 102 3387 ·
164 3370 250 3434 quae
267 3354 348 3413 sunt
358 3347 575 3413 infirmitatis.
617 3350 735 3433 ltaque
747 3349 888 3433 juvenes
904 3348 1055 3437 plerique
1071 3360 1105 3413 et
1119 3370 1205 3435 pue-

165 3450 219 3514 rili
239 3452 377 3517 levitate
400 3450 464 3516 viri
485 3473 548 3538 pro
568 3449 711 3514 fortibus
730 3449 894 3516 indomita
913 3449 1074 3536 probant,
1096 3471 1206 3535 neque

167 3573 285 3638 magna
305 3551 377 3618 lere
408 3552 536 3618 habent
555 3551 618 3617 nisi
638 3574 724 3638 quae
745 3563 825 3618 sunt
850 3561 1054 3639 portentosa.
1106 3551 1206 3643 Quae
1310 3548 1318 3559 ’

166 3674 280 3718 caussa
301 3655 457 3744 inprimis
483 3654 546 3720 hac
568 3664 685 3721 nostra
706 3667 815 3719 aetate
835 3662 886 3717 tot
903 3651 1036 3739 peperit
1054 3652 1204 3722 indoctas

160 3756 358 3844 ineptasque
370 3769 529 3822 veterum
544 3756 745 3844 scriptorum
760 3755 942 3834 versiones,
964 3775 1109 3840 quorum
1122 3759 1203 3828 sim·
1223 3839 1224 3843 Ἰ

159 3859 347 3950 plicitatem
370 3858 653 3944 tranquillamque
671 3861 877 3943 majestatem
892 3880 1013 3947 parum
1025 3860 1203 3934 sentientes

148 3962 382 4050 vinterpretes,
411 3983 515 4046 eaque
545 3959 628 4047 ipsa,
660 3982 803 4048 quorum
831 3983 901 4026 non
935 3960 1204 4046 adsequebantur
1283 4002 1291 4021 ,

163 4063 443 4155 magnitudinem,
459 4064 512 4130 vel
525 4063 713 4148 emendare,
727 4065 781 4130 vel
795 4064 958 4147 attollere,
975 4064 1031 4134 vet
1047 4085 1202 4150 quocun·
1257 4109 1272 4134 ·.
1331 4100 1338 4123 ‚
