2708 4636
550 329 649 400 *⁶5
691 293 739 391 74¹
785 338 874 395 ,·····

7 520 11 525 .
107 477 112 482 ’
166 454 345 546 saalum
362 475 585 544 insuescas
626 475 709 543 nae
733 470 901 545 stanam·
918 489 985 559 es,
1007 479 1096 565 quas
1110 474 1225 552 usa-

34 642 38 650 ,
140 581 258 664 ‘'tius,
278 581 462 669 elegantiae
481 592 637 647 summus
655 578 899 662 arbiter,'1:eote
915 582 1082 653 scribendi
1101 608 1222 674 sapere

171 692 211 749 et
231 683 436 775 principium
459 691 494 749 et
511 680 643 773 fontem
666 688 741 748 esse
762 681 865 765 dixit,
907 696 1009 772 atque
1033 682 1223 758 Socraticas

176 785 309 852 chartas
328 780 680 878 inprimis'piietarum
694 785 832 852 lectioni
847 789 1110 858 commendavit.
1154 796 1221 862 Eas

161 887 313 977 ¹quidem
333 902 367 956 et
387 913 450 958 nos
463 878 690 957 vehementer
708 887 869 976 cupimus
888 895 1139 962 commendatas
1153 897 1220 967 illis

158 992 354 1074 tenuibus,
375 993 434 1080 qui
460 992 502 1058 de
515 992 635 1083 litteris
652 990 911 1077 elegantioribus
923 1005 1015 1059 recte
1028 997 1219 1067 subtiliter.

171 1114 240 1183 que
252 1095 358 1161 velint
372 1096 536 1183 judicare.
587 1094 641 1165 tlti
657 1092 835 1180 diligenter
848 1096 1050 1184 pervolvunt
1068 1113 1101 1166 et
1118 1115 1218 1169 vete·

170 1207 250 1266 rbm
278 1197 559 1287 philosophorum
580 1196 751 1286 optimum
773 1219 963 1287 quemque,
987 1214 1021 1265 et
1040 1203 1069 1268 si
1087 1206 1222 1290 quire-¹

168 1301 361 1369 eentiorum
382 1301 474 1366 hisce
491 1300 554 1366 'vel'
568 1292 684 1384 ludicii
707 1300 861 1366 acumine
884 1302 939 1367 vel
957 1301 1084 1391 ingenii
1102 1327 1216 1374 venn-

170 1416 256 1470 stete
277 1422 317 1469 ao
337 1403 521 1470 disserendi
538 1403 700 1489 elegantia
714 1402 837 1471 similes
853 1406 1052 1473 extiterunt.
1096 1406 1217 1476 Philo-

169 1507 326 1594 sophiam
355 1504 489 1592 quidem
520 1505 616 1572 illam
645 1503 871 1571 umbraticam
896 1519 997 1594 atque
1017 1511 1216 1593 scholastica

168 1607 325 1676 barbarie
335 1608 661 1675 horridam'uon'est
673 1629 735 1672 cur
750 1606 908 1694 cuiquam
923 1614 1213 1685 commendemus.

169 1711 271 1800 Quae
297 1710 387 1776 tricis
411 1723 508 1797 atque
529 1709 666 1799 argutiis
682 1697 853 1776 'oblectata
871 1733 1075 1799 omnemque
1089 1729 1214 1803 sponte

167 1812 272 1882 exosa
285 1826 499 1881 venustatem
508 1815 550 1895 ad
565 1824 696 1880 rectum
708 1813 844 1902 pulchri
855 1808 988 1880 sensnm
1002 1817 1054 1881 vel
1063 1816 1211 1903 gignen-

153 1916 260 1985 'dum¹
271 1918 324 1983 vel
341 1916 500 1982 alendum
516 1915 855 2002 confirmandumque
869 1914 952 2008 aeleo
966 1916 1050 1982 nihil
1065 1918 1207 2003 confert,
1242 1930 1244 1934 “

155 2034 207 2098 'ut
229 2018 342 2108 potins
363 2018 526 2104 judicium
547 2030 719 2108 pervertat
736 2019 954 2106 indolemque
965 2019 1124 2106 quamvis
1137 2023 1208 2088 lae-

164 2136 243 2215 tam'
260 2131 467 2207 corrumpat.
512 2120 572 2186 Illa
594 2143 675 2189 vero
697 2119 960 2209 quam'dicimus
975 2143 1053 2188 cum
1069 2126 1217 2200 omnino,

164 2228 208 2295 ad
225 2227 418 2295 animorum
439 2223 603 2309 cultum,
618 2238 689 2292 tum
712 2226 753 2293 ad
775 2225 864 2291 hanc
878 2223 1073 2292 facultatem
1088 2251 1210 2295 conse-

164 2332 335 2421 quendam
357 2326 609 2415 regendamque
629 2329 718 2394 nihil
740 2341 789 2393 est
807 2323 1006 2407 salutarius,
1029 2351 1094 2414 qua
1106 2316 1225 2417 pror-¹

150 2430 348 2517 'suscipens
364 2433 418 2496 vel
433 2441 534 2517 poeta
542 2430 599 2495 vel
615 2428 806 2496 carminum
821 2428 1032 2495 existimator
1044 2430 1210 2498 innume·

162 2532 326 2601 rabilibus
352 2545 386 2596 et
397 2535 478 2598 locis
492 2543 525 2597 et
540 2532 648 2597 modis
665 2533 858 2620 turpissime
875 2533 1018 2599 labetur.
1040 2595 1043 2599 .
1065 2538 1067 2543 ’

41 2700 45 2713 ,
247 2635 333 2700 Cum
361 2625 599 2725 philosophiae
620 2646 733 2699 autem
760 2635 867 2701 studio
887 2632 1208 2722 conjungentlaerit

44 2725 66 2760 ⁸
159 2734 322 2823 frequens
340 2735 492 2823 ipsorum
514 2747 694 2826 poetarum
715 2737 825 2803 lectio.
870 2736 922 2804 Aa
940 2758 1044 2823 quam
1060 2733 1206 2824 partem,

161 2834 194 2904 et
210 2838 268 2925 qui
283 2839 413 2924 legendi
429 2840 494 2905 sint
509 2851 547 2905 'et
559 2861 626 2926 qno
639 2838 754 2920 modo,
769 2840 887 2927 paucis
904 2839 1066 2906 dicemus.
1090 2826 1206 2932 Atque

1 2986 3 2990 ,
60 3014 63 3019 .
141 2938 245 3009 'illud
268 2941 408 3030 'quidem
431 2945 509 3008 satis
531 2941 682 3032 praecipi
704 2965 775 3009 non
799 2953 927 3036 potest,
963 2939 1058 3007 initio
1078 2958 1206 3028 paucos
1235 2942 1251 2964 ⁸

158 3045 382 3131 neque-inser
403 3045 463 3109 hos
487 3066 691 3139 quemqnam
717 3044 780 3110 nisi
805 3047 971 3135 optimum
993 3064 1063 3107 esse
1085 3042 1205 3127 legen-

159 3148 265 3223 ctum„
276 3146 362 3213 Nem
378 3146 842 3237 quaeprima'percipiuntnr,
855 3146 1055 3237 praesertim
1070 3167 1113 3209 ex
1123 3145 1204 3209 illo-

158 3272 236 3317 rum
252 3269 483 3335 gener-aquae
498 3248 540 3312 ad
554 3249 764 3340 phantasiam
778 3249 970 3337 pertinent,
992 3246 1151 3312 altissime
1165 3246 1203 3313 in

158 3352 315 3423 animum
336 3349 541 3415 descendunt
555 3362 657 3436 atque
676 3350 725 3417 ibi
745 3351 881 3438 vestigia
893 3350 1117 3439 imprimunt,
1139 3348 1220 3416 virs

156 3458 227 3524 ulla
241 3451 388 3522 melioris
403 3454 512 3519 cultus
525 3452 751 3520 sollicitudine
763 3452 889 3518 iterum
905 3451 1056 3518 delenda.
1093 3452 1204 3537 quue

155 3559 204 3633 ita
222 3556 297 3624 fiori
318 3568 412 3624 tanto
431 3556 536 3645 magis
557 3567 605 3621 est
626 3579 775 3637 necesse,
798 3555 888 3644 quod
912 3565 1080 3619 recentem
1100 3554 1203 3642 pueri-

133 3664 135 3668 ’
155 3660 309 3731 animum
329 3659 442 3751 prima
463 3678 618 3751 quaeque
637 3659 793 3747 voluptas
808 3670 847 3721 ut
861 3678 951 3720 nova
965 3656 1201 3723 vehementis-

41 3756 44 3761 ’
154 3763 239 3833 sime
252 3763 430 3844 concutit,
460 3778 538 3826 oum
556 3770 672 3848 postea
692 3760 878 3833 multarum
899 3774 1015 3824 rerum
1038 3759 1200 3848 imagini·-

53 3855 56 3861 ’
154 3861 219 3930 bus
244 3867 376 3932 obsessa
397 3875 432 3929 et
450 3875 612 3952 occupata
636 3885 731 3929 mens
746 3860 832 3941 nihil
840 3855 918 3926 'fere
929 3874 1092 3949 tanquam
1105 3863 1199 3951 insoss

153 3965 253 4055 lituris
268 3967 421 4048 miretur,
437 3978 536 4052 atque
545 3968 643 4052 longo
656 3963 771 4031 earum
784 3963 903 4029 fructu
911 3968 1006 4030 vetut
1019 3977 1199 4031 exsatura-

154 4080 201 4168 ta,
223 4062 378 4157 quamvis
393 4066 536 4154 eximiae
548 4062 810 4157 pulchritudinis
826 4065 1110 4157 contemplatione
1120 4068 1199 4134 len-
