2708 4636
367 329 840 386 ι·-21“··-··

152 469 208 559 res
221 498 432 557 successerat.
448 484 479 576 *)
522 489 671 576 Ineptius
686 489 788 556 etiam
807 490 887 558 lusit
900 488 1130 567 Sannararius
1136 491 1209 563 illa
1283 530 1290 537 -

155 592 193 659 in
204 593 389 658 Joooudum
407 593 587 683 quemdam
602 591 809 658 sacerdotem
827 597 1077 692 epigrammate.

195 694 362 762 Jocondus
376 697 541 781 geminum
555 687 711 777 im'posuit
726 694 798 770 tibi,
824 700 982 782 Sequana,
1007 716 1160 783 pontem3

239 782 337 841 Hunc
351 796 388 841 tu
409 786 480 864 jure
497 795 591 863 potes
608 780 714 842 dicere
728 782 929 894 pontificem
994 856 1002 865 .

150 882 244 952 Bene
271 903 351 946 vero
380 883 527 955 factum,
558 883 648 969 quod
678 881 736 970 qui
765 896 905 972 pontem
930 883 1072 961 fecerat.
1101 885 1193 955 idem
1225 932 1229 943 ,

86 994 89 998 ⁴
151 984 309 1051 sacerdos
338 996 430 1065 erat3
468 985 570 1087 aliter
593 987 681 1050 enim
708 998 829 1074 poetae
849 986 1097 1073 epigrammatis
1122 1001 1193 1055 tam

129 1089 256 1174 ,faceti
272 1113 401 1157 ¹caussa
426 1092 588 1180 perierat:
620 1089 684 1156 nisi
709 1090 800 1175 quod
823 1111 947 1178 parum
968 1087 1192 1175 intelligimus,

151 1193 234 1280 quid
254 1192 404 1279 pontifici
424 1218 501 1261 cum
523 1207 629 1283 ponte
642 1215 821 1261 commune
837 1192 889 1274 sit,
912 1203 1192 1278 praetersonum.

151 1294 312 1364 Pontifex
326 1310 425 1379 certe,
448 1310 627 1393 quatenus
625 1320 748 1364 nomen
762 1308 812 1361 est
823 1291 1016 1374 sacerdotis,
1037 1293 1109 1358 sive
1123 1293 1194 1376 ejus

137 1407 192 1465 'ea
208 1401 302 1484 origo
317 1398 393 1477 fuit
418 1424 519 1488 quam
534 1403 643 1471 Varro
664 1399 819 1481 tradits
794 1422 863 1465 sive
877 1418 1100 1483 quaecunque
1115 1395 1194 1476 alia,

148 1505 254 1568 tam
242 1525 318 1591 Jure
341 1503 466 1568 dicitur
483 1503 547 1589 qui
568 1515 704 1603 pontem
728 1503 862 1568 nullum
884 1499 973 1580 fecit,
1005 1518 1105 1584 quam
1134 1492 1193 1608 qui
1255 1569 1258 1573 ,

147 1605 295 1713 aliquem
316 1603 466 1685 fecit3
441 1628 494 1669 sin
515 1607 625 1692 pontis
649 1605 859 1670 conditorem
874 1600 1039 1684 intelligis,
1062 1596 1194 1663 certeis

147 1698 305 1790 demum,
332 1732 393 1774 seu
408 1708 560 1775 sacerdos
579 1732 637 1774 seu
651 1708 737 1774 alius
755 1706 917 1793 quisque,
946 1700 1101 1794 pontifex
1117 1698 1193 1781 erit,

148 1809 209 1897 qui
222 1822 359 1898 pontem
375 1809 500 1877 fecerit.
538 1811 643 1900 quue
658 1833 721 1900 per
735 1832 770 1875 se
785 1821 853 1873 tam
869 1810 1010 1895 planum
1026 1818 1077 1870 est
1090 1816 1194 1889 atquc

146 1922 324 1998 apertum,
346 1923 383 1976 ut
398 1911 508 1977 dicere
520 1936 657 1999 prorsus
669 1915 824 2002 ineptum
838 1914 889 1978 sit.
933 1913 982 1978 Ita
997 1907 1189 1997 quomodo-

149 2031 284 2092 cunque
305 2012 486 2097 acceperis‚
515 2017 679 2079 sententia
708 2016 772 2079 erit
792 2014 901 2079 inanis
923 2025 1024 2098 atque
1045 2009 1198 2089 inficeto..

150 2109 303 2176 Insulsus
317 2130 451 2195 quoque
466 2123 516 2176 est
528 2112 621 2176 lusus
646 2115 735 2198 apud
755 2116 932 2179 Horatium
953 2114 1058 2180 Persii
1077 2115 1191 2196 cujus-

148 2211 230 2276 dam
252 2208 291 2275 in
313 2209 499 2301 Rupilium¹
512 2211 712 2299 cognomine
730 2213 853 2299 Regem
872 2237 995 2300 parum
1018 2214 1191 2300 ingeniose

144 2313 281 2381 dicacis.

593 2422 654 2483 Per
672 2440 815 2506 magnos,
838 2419 950 2495 Brute,
973 2419 1065 2481 Deos
1082 2432 1115 2480 te

192 2503 272 2580 Oro,
298 2525 354 2588 qur
345 2503 474 2589 Reges
490 2506 655 2594 cqnsucris
672 2511 798 2580 tollere,
824 2527 880 2566 cur
893 2526 959 2565 non

189 2589 290 2650 Hunc
309 2589 439 2675 Regem
445 2577 595 2676 jugules?
618 2610 751 2676 operum
766 2590 848 2668 hoc,
877 2588 958 2650 mihi
975 2589 1086 2668 crede,
1112 2605 1188 2654 tuo·

836 2678 906 2738 rum
921 2691 980 2737 est

145 2777 238 2848 Haec
250 2772 489 2841 absurdissima
502 2797 572 2841 esse
588 2777 662 2864 quis
676 2800 747 2843 non
763 2774 887 2840 sentit?
909 2797 1101 2861 quanquam
1117 2774 1191 2860 quis

73 2880 75 2883 ’
144 2879 236 2948 ferat
248 2876 555 2963 Homiumfi1psum
575 2878 651 2943 idco
667 2878 847 2944 Horatium
862 2876 1191 2964 reprehendentem?

145 2980 256 3069 Qua'si
279 3002 362 3044 vero
383 2977 565 3043 obscurum
587 2989 689 3057 esset,
717 2989 853 3066 poetam
881 2989 954 3042 toto
985 2978 1091 3073 isthoc
1112 3000 1190 3042 car·-

108 3134 114 3147 ,
146 3083 242 3150 mine
258 3081 350 3146 aliud
370 3080 455 3146 nihil
472 3102 581 3165 agere,
604 3103 707 3166 quam
723 3093 763 3146 ut
774 3080 1064 3168 ineptissimorum
1077 3079 1191 3144 homi·

145 3203 233 3286 num
262 3183 540 3300 perlegentibus
574 3195 723 3301 exponat
746 3183 979 3281 delidendum
1031 3184 1191 3271 Quorum
1296 3226 1300 3231 -

147 3286 253 3372 igitur
264 3284 401 3351 altenus
419 3289 476 3372 qui
497 3286 709 3352 inanissimus
734 3299 784 3354 est
810 3289 919 3368 lusus,
949 3309 1027 3353 eum
1050 3285 1190 3351 Horatio
1297 3304 1302 3311 ’

108 3451 111 3455 ,
148 3385 252 3453 tribui
272 3376 386 3454 nonne
407 3403 456 3455 est
474 3389 748 3477 iniquissimum?
783 3392 844 3454 nisi
835 3391 953 3478 quod
974 3400 1066 3454 tanta
1088 3387 1190 3469 hujus

149 3488 217 3575 joci
230 3503 278 3556 est
292 3492 479 3573 insulsitas,
503 3507 598 3558 utne
612 3494 689 3558 satis
702 3492 837 3579 quidem
856 3495 974 3581 dignus
989 3494 1060 3558 risu
1073 3492 1189 3555 videa-

147 3602 219 3656 tur.
259 3594 360 3660 Plura
382 3607 413 3660 et
434 3595 537 3681 hujus
560 3609 594 3662 et
613 3597 794 3684 superioris
811 3598 940 3684 generis
955 3597 1113 3683 exempla
1129 3593 1189 3680 qui

132 3708 305 3782 quaerat,
327 3701 354 3764 is
375 3699 412 3763 in
435 3697 686 3790 Schaekspirio‚
719 3710 816 3784 poeta
839 3711 877 3764 ut
892 3721 1024 3786 mgenio
1046 3713 1190 3780 summo,
1237 3759 1244 3776 ,

144 3797 196 3864 ita
224 3801 378 3865 omnium
406 3799 548 3866 minime
581 3803 758 3889 castigato,
785 3800 922 3891 singulis
948 3802 1022 3870 fere
1061 3799 1191 3890 paginis

145 3901 305 3987 reperiet

182 4077 211 4146 ἢ
231 4048 645 4150 Quinctiliau.1nstitut·orat.
662 4078 728 4138 Lib.
742 4081 778 4144 V·
796 4097 820 4135 c·
834 4091 861 4149 5.
913 4073 917 4085 ¹
