2708 4636
508 281 832 364 -66-5-

158 458 506 551 Sedneqneomninm
520 467 571 524 est
583 464 762 545 poetarum
774 454 883 523 isthoc
894 457 1077 539 judicium:
1099 475 1200 552 etque

158 567 259 637 multi
280 563 416 653 ingenio
447 561 527 626 satis
551 559 600 625 illi
628 557 766 646 quidem
788 563 1070 629 commendabiles
1089 568 1200 661 neque

157 690 276 739 rerum
299 663 593 735 describendarum
607 663 719 729 ullum
733 661 861 731 habent
872 663 1051 747 dilectum,
1074 690 1198 756 neque,

86 832 93 847 ι
157 774 186 840 ιι
209 769 290 859 quid
307 767 498 837 describere
510 760 705 856 coeperunt,
720 762 864 834 modum
883 760 1000 834 tenent
1018 783 1078 834 aut
1091 769 1199 838 finem

157 871 297 940 omnino
319 868 501 964 reperiunt.
551 863 710 956 Inprimis
724 866 814 953 apud
831 866 1019 935 Germanos
1033 874 1199 957 quosdam

156 988 285 1068 poetas,
296 973 444 1040 maxime
459 982 619 1052 recentes,
636 991 676 1034 ea
689 969 836 1034 invaluit
850 972 1070 1090 consuetudo,
1085 975 1199 1060 quiite

156 1078 314 1147 videntur
333 1073 547 1173 existimare,
559 1093 705 1139 omnem
719 1077 858 1171 poeseos
871 1075 940 1140 vim
956 1076 993 1140 in
1007 1074 1071 1140 hac
1087 1076 1199 1142 facul-

155 1193 225 1248 tate
240 1201 313 1245 esse
335 1178 499 1266 positam,
527 1185 560 1240 et
573 1171 736 1261 quidquid
750 1157 855 1241 riculis
868 1174 972 1244 fuerit
984 1178 1198 1266 aspectabile,

155 1282 240 1354 illud
256 1306 279 1363 e
293 1291 394 1374 poete
409 1276 553 1359 describi
567 1288 601 1344 et
615 1297 710 1368 posse
724 1288 758 1342 et
773 1275 907 1344 debere.

160 1554 164 1561 ,
221 1488 371 1573 Verum
391 1493 425 1548 et
444 1479 560 1570 paucis
582 1492 634 1551 est
655 1480 838 1548 dicendum
858 1480 902 1546 de
920 1477 980 1558 iis,
1023 1478 1198 1569 qunevvnon

68 1634 73 1662 l
113 1582 116 1586 i
154 1591 257 1662 modo
279 1556 464 1666 abundant,
486 1583 543 1649 sed
564 1587 619 1671 vel
640 1587 788 1652 maxime
802 1582 957 1650 officiunt
970 1585 1098 1650 ceteris.
1143 1588 1196 1653 Eo

153 1693 310 1786 inprimis
321 1686 495 1781 pertinent
512 1679 662 1802 singulae
675 1689 871 1770 sententiae,
883 1699 923 1753 ut
934 1687 972 1751 in
984 1711 1020 1752 se
1033 1687 1195 1775 pulchrae

155 1811 256 1889 etque
270 1791 432 1882 egregiae,
446 1789 494 1856 ita
505 1789 648 1856 minime
662 1788 712 1856 illi
727 1809 829 1874 quem
843 1789 1038 1856 tenentloco
1052 1791 1193 1856 adcom-

153 1897 330 1978 molletae,
351 1915 461 1980 neque
477 1904 665 1960 ceterarum
679 1890 734 1956 vel
748 1912 866 1957 rerum
880 1891 936 1954 vel
948 1890 1191 1964 sententiirum

150 2009 296 2066 naturae
311 1995 558 2061 convenientes.
588 1992 687 2063 Unde
702 1995 869 2084 quaedam
884 1993 1031 2059 nascitur
1043 1997 1101 2062 vel
1114 2020 1192 2062 mo-

150 2123 230 2169 rum
247 2098 303 2166 vel
316 2120 435 2163 sensus
447 2096 540 2185 quusi
555 2099 779 2189 repugnantia
794 2092 1019 2185 plurimum'
996 2120 1037 2162 ιιι
1051 2096 1193 2183 ingrata,

108 2249 121 2269 0
150 2204 210 2296 qui
232 2214 265 2268 et
287 2202 409 2267 mentis
427 2198 597 2267 humanae
608 2198 757 2266 indolem
771 2211 984 2315 perspectam
999 2200 1125 2266 hebent
1137 2212 1196 2267 at-

150 2327 219 2394 que
237 2303 424 2390 unicuique
444 2326 492 2372 rer
484 2291 591 2391 quid
613 2301 653 2367 sit
673 2303 895 2384 conveniens,
924 2301 1054 2389 optime
1066 2304 1195 2371 intelli-

30 2461 32 2465 .
148 2418 243 2498 gunt.
286 2407 399 2495 Quo
388 2428 426 2471 ιιι
439 2403 573 2492 negotio
587 2401 666 2469 vel
656 2402 812 2501 inprimis
827 2405 1072 2473 attendendum
1088 2419 1135 2473 est
1149 2408 1194 2475 ad

150 2507 343 2577 carminum
364 2529 469 2596 genus
488 2518 589 2593 atque
603 2517 772 2571 naturam.
817 2506 932 2572 Esses
945 2531 1191 2603 saepenumero
1208 2593 1211 2598 ⁸

103 2640 107 2658 ι
148 2610 402 2703 plurimum
362 2609 454 2673 valet
460 2606 579 2699 velud
595 2602 914 2696 reprehendendum
928 2625 1063 2724 poetam
1078 2615 1134 2680 vel
1147 2596 1192 2679 ad

152 2707 392 2781 excusandum
437 2686 513 2787 Alia
535 2709 626 2778 enim
649 2710 713 2805 leis¹
727 2722 788 2776 est
802 2711 962 2778 carminis
984 2716 1096 2802 lyrici,
1126 2714 1192 2786 alie

152 2815 307 2905 satyrici,
341 2827 376 2880 et
397 2836 483 2900 quse
503 2813 541 2878 in
561 2782 718 2901 poemate
730 2814 824 2902 spico
841 2813 925 2880 ferri
939 2836 1007 2880 non
1022 2827 1191 2903 poterant,

149 2918 233 2986 illa
223 2942 260 2984 ιιι
277 2928 521 3006 epigrammate
533 2915 674 2983 fortasse
689 2917 873 3032 placebunt
859 2917 1113 2990 t.vehementer
1150 2917 1192 2985 Id

27 3068 32 3084 ι
118 3059 120 3062 -
147 3021 232 3086 ndeo
255 3018 318 3085 nisi
343 3018 417 3106 quis
438 3017 596 3099 continue
610 3019 780 3108 respiciet,
803 3019 964 3087 facillime
979 3020 1131 3103 falletur,
1146 3032 1190 3085 -et

52 3146 57 3156 “
146 3121 260 3191 modo
274 3121 497 3209 vituperanda
517 3117 687 3214 probabit,
714 3124 815 3190 modo
842 3123 943 3190 etiam
964 3121 1189 3212 reprehendet

146 3249 234 3315 quae
261 3223 374 3312 potius
400 3222 580 3289 videantur
608 3225 787 3292 laudanda.
832 3226 1036 3313 Huiusmodi
1059 3248 1188 3323 encres

49 3381 53 3386 .
147 3326 416 3395 doctissimorum
436 3321 588 3391 virorum
603 3350 678 3393 cum
692 3327 819 3418 possim
837 3329 994 3394 referre
984 3316 1188 3396 innumera-
1197 3340 1201 3356 '

143 3431 240 3510 biles,
254 3450 364 3495 unum
378 3428 650 3497 commemorabo
663 3433 856 3521 exemplum
868 3431 1097 3515 Werenfelsii‚
1118 3431 1188 3498 viii
1221 3504 1226 3512 .

148 3546 180 3598 et
203 3534 281 3600 satis
303 3528 428 3597 eruditi
451 3542 486 3595 et
504 3530 658 3596 acumine
678 3532 910 3623 philosophico
932 3536 1104 3622 ceteroqui
1118 3533 1188 3600 mi-

145 3634 237 3701 nime
252 3634 405 3700 carentis
449 3631 504 3701 Is
492 3656 530 3698 ιιι
544 3654 584 3696 eo
600 3630 730 3731 libello,
752 3654 855 3724 'quem
869 3637 1041 3725 inscripsit
1054 3639 1095 3702 de
1111 3660 1188 3702 me·

144 3735 246 3801 teonis
269 3735 445 3818 orationis,
474 3737 567 3803 velut
582 3734 683 3819 nimis
699 3739 890 3820 quaesitum
899 3751 1000 3825 atque
1017 3738 1187 3805 adfectata

141 3837 345 3905 sublimitate
369 3835 495 3923 frigens
514 3837 734 3931 reprehendit
754 3862 894 3926 sequens
913 3840 1076 3906 Ausonii
1066 3865 1101 3907 ιιι
1117 3841 1186 3907 Di-
1245 3891 1248 3896 .

23 3954 32 3963 “
140 3939 266 4005 donem
290 3939 515 4053 epigramma,
544 3940 636 4029 quod
656 3962 717 4028 ego
740 3942 830 4054 inter
852 3941 923 4029 ejus
944 3944 1074 4036 optima
1088 3943 1185 4047 facile

139 4040 411 4112 numeraiflt'lm·
