2708 4636
730 229 745 266 ‘t

462 336 830 400 ι----ιιι-----

580 409 584 423 ι
658 388 669 422 I

43 539 67 581 x„
145 534 183 581 re
197 520 331 580 intento
350 516 591 597 exspectantes.
636 506 855 592 Objisiuntur
876 508 1063 598 legentium
1080 505 1204 598 phau-

39 629 42 636 “
77 648 93 703 «χ
145 618 275 695 tasiae,
299 631 522 702 quaecunque
543 611 767 725 spectantium
789 611 904 680 oculos
923 614 1074 677 maxime
1095 612 1206 678 ferire

145 728 322 810 poterant,
351 726 385 781 et
406 713 561 799 ductores
589 713 728 787 navium
744 718 908 800 purpura
920 711 985 802 fiai
979 725 1125 805 gentes,
1167 725 1206 779 et

145 820 350 888 certantium
369 817 470 884 turba
483 809 615 908 fronde
640 816 815 894 coronati,
848 815 1054 906 nudatisque
1075 818 1206 882 hume

148 926 218 1004 rie,
238 935 312 988 tum
327 922 480 1014 corporis
493 918 638 1000 habitus,
660 942 720 1005 qur
710 919 843 984 videri
857 932 1002 1008 poterat
1026 918 1207 1005 abditique

149 1025 273 1094 mentis
290 1047 348 1124 spe
360 1037 566 1111 metuque,
564 1034 598 1087 et
614 1022 717 1088 anxia
731 1045 847 1087 rerum
862 1024 1116 1112 exspectatione
1129 1022 1208 1110 agi·

87 1130 94 1143 ‘
147 1141 234 1195 tatae
256 1139 378 1194 motus.
423 1126 523 1214 Quae
551 1125 666 1194 omnia
687 1146 790 1212 quam
808 1127 979 1213 praeclare
1003 1119 1058 1195 his
1087 1124 1205 1235 versi·

93 1311 100 1317 ῃ
147 1231 210 1298 bus
225 1228 503 1317 comprehendit!

193 1346 382 1420 Considunt
405 1349 571 1422 transtris,
596 1349 788 1432 intentaque
808 1342 939 1408 brachia
958 1349 1070 1411 remis:
1157 1396 1159 1400 -

193 1437 320 1504 Intenti
335 1446 526 1518 exspectant
539 1436 678 1520 signum,
704 1435 965 1515 exsultantiaque
981 1434 1093 1497 haurit

194 1522 302 1588 Corda
324 1542 427 1605 paror
449 1525 598 1603 pulsans,
622 1519 818 1603 laudumque
834 1518 962 1583 adrecta
983 1518 1115 1601 cupido
1202 1562 1204 1567 ·

150 1648 288 1737 Atque
277 1668 394 1734 ingens
408 1669 512 1735 porro
525 1645 577 1712 vis
594 1656 659 1730 est,
683 1657 715 1711 et
727 1644 936 1709 admirabilis
948 1647 1113 1732 quaedam
1130 1648 1207 1734 agi

55 1801 61 1811 ι
149 1753 232 1820 tatio
250 1752 290 1817 in
309 1748 545 1837 sequentibus,
567 1748 629 1812 ubi
650 1753 718 1827 jam
734 1748 934 1811 emissarum
949 1748 1091 1813 navium
1105 1771 1206 1814 com-

150 1856 295 1923 missum
313 1863 488 1918 certamen
508 1849 727 1955 significatur.
771 1849 946 1915 Feruntur
964 1850 1044 1915 illae
1062 1853 1199 1938 quidem

152 1954 282 2044 ingenti
302 1956 393 2021 mole
413 1953 478 2037 ita,
509 1965 551 2017 ιιι
567 1965 822 2018 commotarum
846 1975 1010 2038 aquarum
1028 1955 1199 2039 ingentem

104 2108 112 2115 -
152 2057 342 2147 strepitum,
364 2056 577 2142 singulorum
589 2057 836 2126 vocabulorum
849 2059 1027 2123 sentientes
1041 2057 1203 2146 pondera,
1219 2044 1223 2056 ’

125 2163 338 2230 audiamus.
381 2161 442 2227 Illa
463 2158 558 2226 dicor

163 2298 165 2302 ’
193 2281 406 2344 -adductis
433 2294 585 2365 spumant
599 2277 684 2341 freta
704 2299 796 2342 versa
810 2278 949 2343 lacertis.
1013 2286 1016 2291 ⁴

192 2366 365 2431 Infindunt
379 2368 501 2448 pariter
515 2370 640 2440 sulcos,
664 2379 836 2448 totumque
854 2367 994 2428 dehiscit

195 2454 395 2515 Conrolsum
407 2449 503 2511 remis
520 2449 699 2533 rostrisque
715 2450 912 2513 tridentibus
927 2471 1058 2536 aequor.

151 2574 363 2647 Earumdem
375 2596 457 2641 vero
480 2573 631 2640 celeritas
644 2574 833 2643 illustratur
847 2579 1114 2668 comparatione,
1137 2601 1206 2670 qua

152 2679 238 2746 mihi
251 2676 391 2765 quidem
406 2674 492 2742 nihil
507 2675 694 2743 absolutius
709 2680 857 2766 cogitare
871 2705 969 2770 posse
984 2682 1075 2749 videt
1062 2695 1138 2751 turs

61 2793 67 2802 ’
99 2842 106 2848 ·
180 2803 272 2870 Non
288 2821 352 2867 tam
370 2803 566 2889 praecipites
583 2805 717 2953 Ιιὶᾓιιὲο
711 2811 886 2873 certamine
902 2832 1050 2894 campum
1144 2829 1147 2832 ’

162 2892 417 2994 Corripuere,
420 2905 606 2992 ruuntque
625 2915 642 2954 e
670 2916 720 2955 uss
740 2907 865 2958 carcere
883 2918 1011 2958 currus:

166 2978 307 3042 Nec
282 2999 329 3038 sic
349 2975 491 3037 inmissis
515 2977 644 3079 aurigae
656 2977 819 3042 undantia
835 2987 903 3044 lora

93 3112 100 3133 ,
164 3065 423 3127 .'Concussere
413 3062 512 3147 jugit,
535 3064 699 3149 pronique
715 3065 751 3126 in
751 3061 899 3129 verbera
914 3066 1070 3151 pendent

151 3190 197 3260 In
204 3191 257 3257 his
270 3206 478 3277 quamquam
497 3187 586 3254 nihil
598 3212 667 3257 non
689 3191 886 3260 admirabile
906 3193 968 3277 sit,
990 3181 1107 3259 tamen
1127 3193 1204 3262 exi-

149 3295 269 3376 mium,
290 3291 349 3380 qui
364 3291 399 3356 in
414 3288 594 3381 postremis
609 3289 761 3361 versibus
778 3307 837 3379 est,
860 3309 1017 3362 ornatum
1032 3296 1067 3360 in
1080 3298 1202 3386 primis

70 3432 72 3444 ι
148 3393 423 3483 velimexpendi.
466 3390 597 3481 Nempe
607 3395 780 3479 Immisss'a
784 3399 906 3488 jugia3
927 3397 963 3462 id
985 3412 1050 3481 est,
1073 3401 1204 3468 admis-

150 3501 196 3569 sis
215 3503 328 3567 laxato
345 3489 452 3563 freno
463 3496 629 3584 jugalibus
652 3501 786 3588 equisr
803 3499 982 3568 [sudantia
998 3503 1096 3585 lora3
1111 3507 1202 3594 pul-

114 3600 116 3607 ’
149 3604 293 3671 cerrima
315 3597 363 3666 ad
380 3596 610 3690 phantasiam,
637 3622 703 3693 pro
722 3605 851 3672 laxata:
873 3601 1120 3688 ‘Concussere3
1156 3606 1200 3673 ad
1256 3656 1258 3661 ,

149 3716 251 3792 equos
273 3701 650 3774 videlieetincitandoss
673 3708 819 3797 denique
841 3706 960 3771 vivens
973 3707 1030 3775 illa
1047 3709 1200 3798 spirans-

149 3828 217 3895 que
230 3805 365 3894 penitus
380 3807 502 3896 imago,
523 3810 701 3908 Proniquc
718 3813 755 3879 in
765 3809 911 3880 vertera
919 3813 1083 3900 pendent.
1118 3813 1199 3903 Quo

146 3919 320 3999 postremo
348 3912 515 3986 vocabulo
541 3908 674 3982 hahitare
694 3912 847 4001 corporis
874 3914 1071 4001 proclinati,
1105 3916 1200 4002 quod

148 4034 220 4080 uno
242 4004 403 4098 tanquam
430 4029 557 4106 puncto
582 4018 744 4085 innixum
770 4016 829 4083 vix
851 4019 1031 4084 consistere
1052 4019 1201 4097 videtur,
1245 4065 1247 4069 -

42 4158 45 4163 -
146 4114 435 4207 praestantissime
455 4116 635 4213 pingitur·'
659 4120 772 4210 Atque
791 4120 966 4196 nte-<inania
984 4121 1115 4190 isthaec
1139 4143 1200 4187 or-
