2708 4636
498 320 585 344 ιι·-
619 283 693 356 ‘ses'
731 319 821 345 -u

144 464 272 533 fimum
285 463 448 531 interesse
459 459 719 536 existimamus«,
742 456 965 549 Quanquam,
986 475 1027 532 nt
1040 466 1193 559 optima..

145 572 225 634 ruin
237 591 354 634 rerum
368 563 580 654 quorumvis,
602 563 651 628 ita
664 574 698 627 et
712 561 856 649 hujusce
871 569 1008 652 generis
1018 571 1187 658 quaedam

147 681 199 735 est
212 667 482 761 intemperantia,
504 667 541 732 in
555 688 658 752 quam
672 667 822 756 prolapsi
834 666 962 752 aliquot
973 674 1188 761 superiorum

145 770 314 859 inprimis
329 773 525 857 temporum
539 768 609 833 viri
626 767 723 850 docti,
745 769 922 835 universae
936 773 1005 853 arti
1014 776 1103 863 apud
1120 776 1192 841 im.

146 873 273 962 peritos
303 866 471 957 quandam
500 870 674 939 infamiam
696 884 909 942 conuenere.
971 873 1217 961 Atque-mihi

147 992 355 1062 quamquam
379 982 593 1046 summorum
611 974 736 1040 veteris
751 974 835 1040 aevi
857 973 1060 1062 scriptorum
1074 983 1190 1066 operi-

148 1076 213 1142 bus
225 1077 373 1141 maculas
386 1077 590 1157 abstersisse,
613 1075 776 1143 eximium
791 1075 975 1163 quoddam,
999 1102 1038 1144 ac
1049 1082 1190 1168 dignum
1276 1124 1279 1131 >

147 1180 320 1266 ingenioso
341 1178 414 1244 viro
435 1201 561 1244 munus
588 1177 762 1259 videatur,
805 1179 1021 1267 singulasque
1041 1183 1192 1270 Bentleji,

148 1282 267 1369 Lipsii,
290 1280 498 1368 aliorumque
512 1280 760 1347 emendationes
777 1283 963 1372 peperisse,
985 1306 1088 1368 quarn
1107 1309 1193 1370 ope-

148 1381 194 1450 ris
209 1383 300 1449 haud
316 1384 554 1452 contemnendi
574 1394 748 1451 auctorem
769 1408 827 1451 me
839 1409 911 1452 esse
923 1386 1058 1465 malim,
1079 1399 1192 1455 tamen

149 1507 206 1552 eos
220 1485 365 1572 probare
380 1486 524 1554 minime
535 1487 682 1574 possim,
694 1486 752 1572 qui
769 1499 924 1553 veterum
939 1488 1043 1554 libros
1059 1485 1194 1578 legendi

148 1589 378 1676 tractandique
392 1588 569 1655 consilium
584 1589 691 1654 isthac
707 1611 776 1655 una
787 1612 825 1653 re
838 1591 1094 1659 terminandum
1108 1616 1194 1665 cen·
1235 1594 1238 1599 ’

149 1703 300 1766 suerunt,
345 1691 464 1781 Quare
482 1691 547 1757 hoo
559 1693 694 1778 quidem
714 1703 907 1759 constanter
927 1695 1110 1759 tenendum
1132 1707 1195 1777 est,
1280 1744 1282 1760 .

151 1808 303 1865 auctores
317 1795 463 1861 Graecos
476 1793 682 1881 Latinosque
692 1818 762 1860 non
775 1794 903 1876 haberi,
925 1818 993 1883 quo
1009 1799 1198 1866 emenden-

121 1902 130 1920 “
152 1911 220 1979 tur,
233 1899 289 1962 sed
304 1895 489 1975 emendari,
511 1909 551 1962 ut
565 1897 686 1962 rectius
700 1908 800 1984 atque
814 1897 1006 1992 expeditius
1019 1901 1195 1988 leganturt

152 2013 324 2066 caeterum
350 1995 416 2063 ista
434 1994 609 2076 facultate,
629 2020 707 2064 cum
731 1999 774 2065 ad
795 2013 989 2092 accuratum
1013 2023 1052 2068 ac
1073 2004 1213 2083 subtilex

153 2123 277 2168 rerum
294 2098 548 2184 verborumque
563 2087 748 2181 judicium,
769 2111 844 2166 tum
866 2084 908 2168 ad
930 2104 1041 2192 pulcri
1059 2128 1197 2176 sensum
1301 2116 1309 2128 '

155 2201 469 2295 quamplurimum
478 2197 607 2288 profici.
649 2198 704 2268 Ad
723 2223 825 2288 quem
841 2201 992 2268 finern'
967 2228 1004 2284 u,
1026 2220 1072 2270 ut
1081 2229 1200 2271 omnes

106 2329 108 2332 ’
155 2300 284 2385 vestros
297 2303 445 2385 labores,
465 2304 513 2372 ita
534 2303 599 2370 hoc
618 2324 756 2389 quoque
767 2301 917 2369 studium
934 2305 1107 2392 dirigetis,
1123 2320 1198 2374 tum
1291 2381 1298 2399 x

154 2399 307 2501 profecto
320 2405 395 2488 erit,
416 2405 588 2479 ancillam
610 2429 745 2494 quoque
762 2406 934 2472 doctrinae
944 2419 1077 2495 partem
1088 2410 1200 2498 impe-

156 2511 298 2580 ritorum
312 2509 433 2600 ineptia
449 2509 663 2577 sermonibus
677 2509 810 2598 saepius
831 2510 1033 2600 exagitatam
1048 2512 1201 2596 coluisse,
1267 2567 1268 2570 ,

157 2614 223 2710 ipsi
234 2613 329 2682 vobis
347 2614 580 2705 maximopere
601 2611 831 2709 gratulemini

243 2820 313 2905 Vos
333 2829 447 2885 autem
465 2839 588 2905 quaeso
606 2839 742 2900 omnes,
762 2818 844 2883 novi
857 2806 993 2902 cursus,
1012 2843 1114 2907 quem
1130 2822 1203 2890 istis

161 2922 391 3010 auspicamur,
413 2919 520 2987 stadia
540 2919 696 3004 ingressi,
718 2939 817 2985 verae
839 2918 1010 2986 studentes
1028 2923 1138 3005 laudi,
1161 2933 1203 2988 ut

160 3023 285 3099 fecistis
306 3020 429 3103 adhuc,
451 3043 554 3108 porro
572 3042 653 3108 cum
663 3019 801 3110 publica
811 3019 989 3108 debitaque
1002 3046 1106 3118 opera
1126 3023 1203 3114 pri·

162 3136 276 3220 ratam
292 3136 394 3208 atque
407 3122 622 3189 honorariam
634 3121 838 3189 industriam
852 3124 1008 3212 gnaviter
1019 3125 1204 3216 conjungi·
1276 3182 1281 3191 .

161 3245 208 3304 te.
253 3226 355 3318 Quod
377 3225 427 3290 uti
450 3222 614 3308 feceritis,
634 3225 689 3292 -ita
712 3236 841 3292 vestrae
863 3251 941 3293 cum
953 3228 1106 3312 utilitati,
1128 3234 1205 3296 tuni
1307 3296 1309 3300 .
1345 3250 1350 3255 ·

165 3335 255 3449 apud
274 3331 439 3422 optimum
460 3347 648 3414 quemque,
669 3341 800 3395 vestros
818 3331 989 3413 maxime,
1012 3331 1072 3417 qui
1091 3355 1151 3397 vos
1166 3333 1209 3399 in
1292 3364 1303 3408 g

166 3436 281 3506 estimo
296 3447 397 3522 atque
413 3430 519 3498 oculis
532 3428 659 3517 ferunt,
680 3432 835 3510 doctores
853 3431 1095 3526 existimationi
1104 3455 1206 3528 prae·
1279 3470 1284 3479 ·

167 3537 255 3613 clare
264 3534 458 3649 consuletis.
