2708 4636
442 406 446 415 q
538 324 863 394 -180-

81 488 85 505 ’
188 549 190 553 -
261 503 378 575 Prima
398 512 476 570 ante
495 495 614 569 omnes
641 502 785 569 elabitur
807 502 906 594 Gyae
931 503 1046 587 navis,
1088 516 1232 574 tenente

176 609 339 701 proxima
353 606 529 674 Cloantho.
573 606 690 673 Altera
703 605 808 671 remis
829 619 994 697 praestat,
1016 608 1122 672 altera
1135 610 1232 676 leri·

162 723 256 799 tate.
283 709 381 775 'Pc'st
401 711 464 776 hos
482 707 677 776 Mnestheus
698 705 942 797 Sergestusque
960 705 1057 776 varia
1076 712 1170 777 inter
1189 737 1232 780 se

175 811 385 881 contendunt
403 810 549 884 fortuna.
591 808 705 898 Atque
729 810 796 875 hoc
812 811 933 877 ordine
955 812 1135 898 feruntur,
1158 816 1232 882 do·-

175 940 259 999 neo‚
279 915 377 1004 Gyae
390 915 471 994 navi
485 914 527 980 ad
542 923 669 979 metum
688 911 830 1000 propius
845 915 962 1007 allata,
982 917 1092 983 subito
1106 943 1230 987 rerum

138 1030 148 1047 “
174 1020 278 1087 facies
291 1028 456 1084 mutatura
497 1016 630 1104 Nempe
647 1037 735 1102 quae
751 1016 854 1080 resin
870 1015 967 1081 Circo
982 1019 1025 1082 ad
1040 1021 1231 1097 conficien-

174 1123 260 1192 dum
278 1141 417 1189 cursum
436 1115 628 1208 plurimum
652 1116 844 1205 compendii
865 1117 1029 1202 habebat,
1049 1133 1088 1185 ut
1103 1108 1231 1188 currus

172 1237 301 1294 metam
314 1223 361 1289 sic
374 1220 532 1302 evitaret,
540 1231 580 1286 ut
591 1218 752 1309 proxime
768 1232 884 1284 tamen
897 1220 1024 1286 circum
1037 1219 1131 1289 illam
1144 1248 1231 1311 age-

171 1340 278 1408 retur,
301 1324 420 1392 eadem
435 1325 475 1390 iu
487 1322 599 1389 navali
614 1321 725 1388 isthoc
738 1322 925 1388 certamine
936 1324 1121 1390 obtinebat.
1166 1329 1230 1394 In·

173 1430 217 1496 de
230 1427 394 1496 nimirum
406 1438 487 1494 nata
500 1425 568 1494 fuit
578 1437 699 1514 poetae
711 1448 783 1492 non
797 1447 866 1489 una
874 1426 1026 1492 variandi
1039 1427 1131 1493 istius
1146 1450 1229 1496 eer-

171 1529 307 1598 tuminis
324 1530 425 1598 ratio.
468 1529 515 1596 Et
534 1528 688 1618 primum
703 1529 842 1617 quidem
856 1526 956 1615 Gyae
977 1531 1072 1595 navis
1089 1531 1132 1595 ab
1145 1555 1226 1621 spe.

168 1627 245 1703 ruta
257 1632 373 1723 palma
384 1643 596 1700 removetur.
638 1632 744 1717 Cujus
766 1643 880 1697 rector
894 1632 1066 1696 Menoetes
1080 1636 1154 1720 jam
1168 1659 1224 1700 se-

156 1741 260 1819 ¹nior,
281 1748 505 1818 metuensque
518 1733 649 1800 occulta
663 1757 757 1816 saxa,
779 1734 897 1799 navim
909 1735 1055 1821 longiori
1066 1736 1225 1807 anfractu

167 1837 275 1908 flectit
294 1836 385 1902 circe
400 1846 541 1900 metam.
584 1834 668 1924 Quo
691 1835 783 1902 facto
806 1838 921 1903 statim
944 1851 1087 1925 occupat
1105 1843 1218 1908 locum

167 1938 378 2022 Cleanthis,
397 1949 499 2025 atque
517 1936 590 2026 ipse
604 1937 746 2005 interior
769 1939 904 2006 subiens
927 1941 1079 2029 priorem
1093 1955 1172 2030 post
1184 1965 1219 2009 se

164 2040 341 2130 relinquit
383 2041 495 2108 Haece
508 2038 613 2127 igitur
626 2041 740 2129 prima
752 2041 876 2131 insigni
888 2068 1005 2110 rerum
1022 2044 1222 2111 conversio·

163 2168 228 2229 ne,
250 2142 541 2234 quemadmodum
563 2142 652 2226 dixi,
675 2155 710 2208 et
725 2146 847 2212 ludum
866 2147 1031 2211 varietate
1047 2146 1224 2234 distinguit

162 2261 274 2339 poeta,
297 2256 332 2325 et
345 2243 543 2311 animorum
556 2254 658 2329 auget
672 2243 908 2313 intentionem.
952 2250 1036 2315 Mox
1049 2249 1153 2313 etiam
1168 2249 1223 2318 ri·

162 2369 241 2417 sum
261 2359 379 2416 movet
395 2347 433 2411 in
454 2346 639 2434 spectaculi
660 2344 851 2434 frequentia
874 2348 1118 2434 gratissimum,
1142 2377 1223 2419 sce-

161 2472 246 2519 nam
264 2450 359 2514 illam
372 2448 538 2514 Menoetis
557 2446 727 2512 ludicram
749 2448 965 2516 interserens.
1011 2453 1083 2541 Qui
1101 2467 1142 2521 ut
1154 2480 1221 2522 na-

161 2548 394 2640 ,simpropius
416 2547 461 2618 ud
479 2559 606 2613 metam
620 2548 839 2635 emergeret,
861 2554 971 2642 'aGya
993 2554 1119 2623 iterum
1139 2557 1220 2626 fru-

162 2668 234 2722 stra
251 2649 471 2733 udmonitus,.
486 2649 529 2713 ab
550 2648 671 2715 eodem
694 2674 855 2743 praeceps
876 2656 915 2721 in
928 2657 1035 2721 undas
1052 2657 1220 2726 deturba-

161 2770 233 2825 tur.
283 2753 384 2820 Hunc
406 2762 440 2816 et
459 2763 634 2820 natantem
654 2753 832 2840 videmus,
863 2769 896 2822 et
916 2781 1016 2845 aegre
1034 2765 1219 2850 scopulum

28 2920 36 2959 ἒ
132 2858 398 2944 Ἰοοειιιᾶοηῑθιη,
419 2853 576 2939 ineujus
599 2855 740 2936 tandem
762 2860 916 2926 considet
937 2860 1081 2948 fastigio.
1126 2865 1218 2933 Illud

160 2961 279 3051 quaeri
298 2949 448 3026 fortasse
460 2958 581 3046 possit,
602 2972 725 3028 utrum
742 2961 903 3028 carminis
929 2963 1082 3051 dignitati
1097 2968 1218 3056 Virgiq

158 3064 225 3134 lius
239 3061 317 3129 satis
334 3062 545 3130 continuerit
557 3061 624 3129 hoc
637 3086 773 3131 versut.

200 3186 248 3269 hh
261 3203 488 3271 salsot‘riden't'
501 3223 722 3293 revomentem
736 3224 870 3296 pectore
881 3210 1010 3278 fluctus.
1039 3292 1041 3295 .

81 3370 85 3378 ”
155 3369 364 3454 Enimvero,
391 3376 433 3437 ut
456 3388 477 3436 a
498 3363 614 3452 multis
636 3383 715 3440 ante
732 3395 796 3441 nos
818 3352 919 3466 saepe
941 3375 1008 3442 fuit
1027 3373 1215 3462 monitum

84 3554 89 3563 ι
155 3479 242 3547 haec
259 3490 291 3543 et
305 3473 430 3542 similia
447 3487 538 3540 certe
552 3498 625 3561 non
646 3499 692 3543 ex
706 3474 827 3544 nostris
840 3476 992 3543 moribus
1006 3493 1090 3546 sunt
1105 3476 1216 3547 aesti-

70 3566 89 3619 f
154 3582 298 3649 mandas
320 3568 424 3667 idque
440 3579 625 3648 tenendum
649 3593 701 3646 est
712 3581 871 3653 universe
884 3580 921 3645 in
943 3584 1037 3648 omni
1051 3594 1213 3651 veterum

82 3697 85 3704 ⁴
153 3695 337 3772 poetarum
351 3681 508 3749 tectione.
544 3678 625 3769 'Qui
638 3684 787 3772 quidem,
804 3678 976 3770 quidquid
991 3685 1130 3771 fingant,
1154 3687 1213 3752 di-

154 3795 291 3863 cantre,
318 3783 581 3873 reprehensione
605 3803 722 3854 carere
744 3790 793 3863 ita
816 3786 1032 3853 existimandi
1051 3801 1149 3871 sunt,
1180 3790 1211 3857 si
1273 3813 1275 3816 ⁴

151 3907 225 3952 non
245 3887 430 3953 videantur
442 3886 708 3958 cultissimorum
732 3891 806 3957 aevi
817 3913 870 3956 sut
861 3890 1064 3957 'hominum
1079 3839 1235 3978 judicia.

33 3972 47 4032 1¹
134 3987 341 4075 offendisse
396 3985 641 4077 Antiquitatem
662 3992 801 4059 veroin
824 3993 965 4078 hujusce
986 3992 1080 4059 modi
1103 3993 1212 4059 rebus·

147 4088 338 4184 judicandis
353 4091 466 4164 minua
479 4092 584 4176 husee
593 4091 818 4191 fundicum,
839 4108 914 4171 tum
926 4120 993 4189 per
1007 4117 1044 4163 se
1059 4107 1112 4165 est
1124 4117 1212 4174 ere--
