2708 4636
516 360 604 381 --
640 343 710 411 ,ιιι
753 359 841 378 --

166 542 171 559 .
240 498 325 590 Cap.
347 498 422 568 XII.
464 494 507 563 Si
522 495 646 586 fotum
666 496 732 563 titi
748 509 817 578 est,
841 521 885 564 ss
899 496 962 564 boe
976 498 1095 568 morbo
1110 526 1197 570 eorr-

153 603 331 672 valescere
337 652 352 685 ,
373 603 444 667 sive
468 599 643 667 nsedicum
663 594 884 681 adtribuens,
907 603 980 669 sive
1002 626 1070 669 non
1089 605 1197 673 adti-

130 702 292 785 <bueria
324 705 574 804 convalescesq]
623 702 774 770 Verbum
796 705 997 771 adhibueris
1018 706 1199 794 posteriori
1277 713 1288 721 '

154 806 232 878 loeo
247 807 326 883 hic,
347 819 380 872 et
400 808 513 894 paullo
533 817 610 894 post
624 806 693 888 bis,
715 806 841 872 addidit
853 806 1023 877 Davisius.
1044 808 1198 877 Lectioni

154 918 269 976 umen
284 911 439 994 vulgatae
452 908 570 975 favent
581 910 648 974 alia
661 910 752 991 loca,
774 918 813 975 ut
826 907 888 973 inf.
905 908 981 976 XX.
1005 910 1096 991 „Aut
1110 935 1198 980 num

152 1012 367 1096 ‚sortiuntur
380 1012 472 1101 inter
483 1035 537 1093 se,
561 1033 646 1098 quae
662 1011 821 1092 declinet,
844 1033 932 1098 quae
947 1014 1041 1079 non?
1063 1027 1121 1079 aut
1134 1038 1198 1082 cur

153 1112 319 1197 „minimo
341 1113 487 1179 declinet
508 1114 704 1196 intervallo,
726 1115 854 1199 majore
878 1115 1002 1179 non?“
1024 1108 1118 1180 Brut.
1143 1116 1196 1202 75.

39 1236 41 1241 ·
152 1215 274 1301 „Hanc
301 1210 415 1281 autem
437 1216 582 1302 gloriam
603 1216 900 1302 testimoniumque
922 1216 1089 1299 Caesaris,
1118 1230 1198 1285 tuae

152 1318 315 1405 „quidem
334 1319 573 1407 supplicationi
595 1341 682 1400 non,
721 1319 778 1383 sed
798 1318 983 1406 triumphis
1004 1321 1197 1391 multorum

154 1432 356 1505 „antepono
367 1426 387 1460 “
417 1423 504 1509 Epp.
519 1422 562 1486 ad
577 1421 646 1488 Au.
662 1419 709 1485 14.
733 1421 936 1500 „Nobiscum
952 1419 1007 1484 hic
1021 1423 1198 1509 perhono-

128 1544 132 1559 ’
151 1521 272 1605 ,silice
292 1534 326 1587 et
343 1523 451 1588 amice
473 1522 651 1605 Octavius3
675 1544 777 1610 quem
796 1523 934 1610 quidem
947 1524 1002 1589 sui
1017 1527 1196 1592 Caesarem

149 1625 381 1712 tpalutabant,
410 1623 587 1714 Philippus
606 1629 718 1692 non.“

131 1840 135 1849 ,
175 1768 320 1856 'Cap
335 1768 410 1837 XV.
454 1766 573 1836 Simil'
545 1770 692 1866 latetque
711 1770 895 1861 superioru-
907 1780 1116 1865 repetentem
1132 1795 1194 1861 re·

36 1932 40 1939 .
146 1868 339 1969 gradis
275 1868 411 1960 infinite
432 1872 526 1947 licet
617 1888 620 1894 '

235 2001 330 2066 Neve
352 1999 429 2069 inde
451 2001 543 2068 navis
565 1955 769 2068 inchoandae
790 2003 962 2071 exordium

146 2156 159 2193 5
239 2085 420 2183 coepisset.

51 2235 55 2249 ¹
112 2272 115 2281 .
148 2209 325 2303 Quorsum
346 2186 434 2281 baec
449 2172 677 2304 praeterito?
699 2217 791 2302 Quia
811 2218 1077 2309 sequiturud
984 2216 1089 2299 illud,

234 2345 320 2411 Nam
344 2365 519 2428 numquam
543 2345 620 2407 hera
641 2366 750 2407 errans
774 2367 844 2408 mea
870 2346 965 2412 domo
988 2346 1119 2412 efferret
1135 2368 1193 2432 pe

731 2428 803 2495 dem

234 2511 355 2576 Medea
378 2512 486 2575 animo
502 2534 612 2597 aegra,
637 2535 743 2576 amore
762 2537 858 2578 saevo
874 2518 993 2580 saucia

147 2670 236 2725 non,
254 2656 293 2711 ut
315 2666 378 2719 eae
398 2668 453 2709 res
480 2667 625 2712 causum
635 2645 822 2764 odferrsnt
834 2651 990 2736 amoris]
1032 2651 1071 2719 In
1085 2675 1192 2743 supe-
1233 2667 1236 2673 ’

144 2747 295 2822 rioribus
309 2742 429 2822 Cicero
443 2745 573 2830 docuit,
597 2749 758 2834 cujusque
772 2751 824 2816 rei
838 2776 973 2819 causam
989 2778 1060 2820 non
1074 2756 1108 2822 id
1124 2755 1190 2823 dici

144 2838 289 2930 debere,
309 2849 403 2935 quod
425 2851 547 2942 sitique
566 2853 772 2932 antecedat,
794 2856 851 2920 sed
866 2859 955 2940 quod
973 2857 1094 2944 cuique
1109 2858 1190 2948 effi-

141 2959 278 3026 cienter
298 2954 500 3023 antecedat:
524 2954 638 3042 itaque
656 2955 739 3026 falso
761 2957 912 3025 Ennium
937 2959 1088 3028 versibus
1109 2962 1189 3044 illis,

140 3059 294 3128 'Utinam
310 3080 353 3125 ne
369 3068 442 3122 eet.
463 3057 602 3123 Medeae
622 3079 774 3124 amorem
797 3073 952 3147 repetere
974 3065 1042 3139 jam
1063 3062 1143 3126 inde
1164 3086 1187 3128 a

142 3164 241 3232 trabe
260 3163 317 3228 ills
337 3162 375 3229 iu
392 3171 508 3231 monte
526 3159 620 3228 Pelio
645 3183 756 3242 caesa,
780 3183 800 3225 e
820 3185 887 3247 qua
908 3161 1004 3230 navis
1025 3164 1082 3228 illa
1097 3175 1187 3231 esset

141 3260 328 3346 fabricata,
357 3285 444 3350 quae
470 3263 627 3328 Iasonem
653 3260 795 3327 Golchin
818 3264 972 3330 vexisset.
1016 3265 1096 3354 Quo
1117 3290 1187 3354 po..

120 3352 225 3453 sito.
252 3368 366 3457 palam
389 3379 458 3447 est,
480 3365 617 3442 locum,
633 3374 674 3429 ut
693 3386 785 3431 nunc
802 3365 921 3449 habet,
953 3391 1072 3433 sanum
1091 3369 1187 3435 haud

129 3495 226 3542 ⁸esser.
269 3471 386 3554 Itaque
408 3464 592 3539 Lambinus
612 3475 708 3532 acute
730 3467 871 3550 judicat,
895 3481 972 3536 ante
987 3470 1090 3535 verba
1106 3471 1184 3538 illa.

141 3580 260 3649 nouat
274 3596 336 3642 soe
351 3591 407 3636 res
424 3590 569 3638 causum
579 3566 751 3660 afferrent
765 3572 896 3638 amoris
903 3621 917 3652 ,
941 3571 1104 3672 quaedam
1119 3573 1188 3637 de-

138 3676 301 3757 siderari,
323 3673 450 3744 frustra
464 3671 669 3758 obloquente
682 3671 832 3740 Davisio.
860 3675 991 3762 Nempe
1005 3697 1085 3740 cum
1100 3698 1184 3771 ver-

138 3781 192 3849 bis
213 3779 284 3849 istis
300 3777 407 3858 dicat,
430 3798 485 3843 eas
503 3797 557 3846 res
570 3773 627 3864 (sc.
644 3774 801 3842 trabem
789 3799 827 3843 ιιι
843 3799 985 3847 nemore
997 3777 1088 3843 Pelio
1103 3795 1185 3844 caea&

55 3964 65 3973 ,
134 3881 435 3969 'samuavimque
460 3857 693 3964 aedificatam)
717 3900 796 3945 cum
820 3878 960 3949 Medeae
984 3903 1100 3949 amore
1112 3905 1184 3950 non

138 3997 313 4068 tamquam
344 4002 478 4050 causam
507 3978 610 4057 fuisse
641 3982 854 4067 conjunctas,
882 3982 1029 4050 altorum
1047 3986 1182 4053 videtur

107 4142 113 4175 ι
137 4083 302 4161 orationis
323 4078 519 4158 membrum
539 4082 722 4171 excidisse,
751 4103 819 4174 quo
841 4083 983 4176 dixerit,
1013 4110 1080 4178 qua
1100 4100 1182 4168 lauf

38 4304 153 4387 fl„
238 4328 242 4337 ’
