2708 4636
161 585 225 649 tia.
266 584 353 649 Nam
373 594 495 671 ¹tropus
513 583 616 649 etiam
638 580 687 646 ssii
700 581 812 648 locum
828 580 949 658 habet,
970 581 1031 649 ubi
1050 584 1090 648 in
1114 605 1226 653 sensu

160 687 319 776 proprio,
339 709 458 752 rerum
475 698 537 752 aut
555 685 729 752 sudorum
748 708 818 751 non
838 683 1017 751 manifesta
1038 697 1089 749 est
1108 710 1217 776 repo,-

160 789 307 888 gnantia.
350 788 513 857 Velut'in
532 790 607 856 looo
628 789 689 854 illo
712 811 814 876 quem
836 789 998 856 Ernestus
1016 789 1137 857 laudat
1156 788 1217 873 eal·
1242 835 1247 843 ι

162 892 204 956 ad
230 890 398 984 Corelli,
420 891 460 956 13
483 903 520 958 et
543 892 594 958 15.
646 892 761 982 Quem
780 894 895 959 locum
914 915 995 957 cum
1020 891 1219 978 epatribus

162 993 274 1071 multi,
296 1008 370 1060 tum
397 993 561 1083 pontificii
580 997 720 1085 proprie
741 994 1002 1081 intelligendum
1023 1006 1155 1080 putant
1175 995 1219 1064 de

163 1094 252 1182 igne,
266 1119 367 1182 quem
383 1098 699 1175 comminiscuntur,
719 1099 927 1172 lustratorio.
949 1118 1018 1183 quo
1034 1095 1219 1164 defuneto-

164 1220 247 1265 rum
266 1200 372 1265 enimi
389 1201 433 1267 ab
452 1202 548 1267 omni
567 1201 643 1268 labe
669 1214 779 1268 essent
799 1200 975 1290 purgandi.
1018 1199 1126 1288 Quae
1143 1200 1218 1290 opi-

166 1300 225 1367 nio
250 1303 404 1386 quamvis
431 1305 620 1371 rationibus
645 1304 911 1372 hermeneuticis
934 1302 1013 1369 satis
1045 1301 1216 1374 confutari

89 1421 103 1433 ⁵
168 1405 293 1492 possit,
317 1405 486 1483 tamensi
502 1429 575 1474 rem
595 1405 633 1473 in
647 1422 840 1499 senpectas,
861 1406 948 1473 nihil
958 1404 1077 1487 habet,
1099 1404 1139 1471 in
1152 1428 1216 1494 qno

67 1574 70 1581 ,
167 1507 348 1577 manifesta
362 1510 408 1578 sit
418 1512 655 1599 repugnantia.
678 1510 794 1600 Atqui,
807 1508 1216 1578 siDanhaueriratiora-

167 1609 253 1688 leat,
285 1634 305 1677 ἃ
328 1611 581 1703 significationis
600 1626 715 1688 tamen
742 1616 953 1709 proprietate
975 1608 1215 1693 disoedendm

167 1733 239 1779 non
257 1712 373 1784 fuerit

675 1912 679 1919 ·
704 1889 738 1962 5.

254 2002 369 2094 Vulgo
386 2006 526 2100 tropum
547 1886 703 2102 cognoiei
724 2009 806 2078 dicit
824 2009 986 2078 Emestns
1008 2028 1054 2085 re„
1069 2004 1125 2074 orl
1140 2029 1214 2091 sens

170 2124 254 2171 sum*
267 2111 326 2176 vel
345 2112 521 2181 internum
543 2118 600 2182 vel
621 2128 806 2183 externum
829 2101 1038 2180 relocanda.
1084 2111 1218 2180 Idaei·-v

170 2228 250 2275 mus
263 2209 373 2298 ipsam
387 2215 439 2284 rei
457 2234 619 2288 naturam
638 2216 740 2306 atque
755 2215 931 2285 notionem
945 2215 1020 2278 voci
1036 2215 1219 2302 subjectam

46 2368 50 2379 ,
171 2311 440 2405 considerantes,
461 2321 535 2392 sive
547 2346 622 2389 rem
634 2321 809 2410 exprimat
821 2317 987 2411 objectam
1001 2318 1161 2385 sensibus
1174 2318 1221 2385 si-

169 2417 268 2480 vead
284 2419 492 2498 intellectum
510 2425 751 2512 pertinentem.
791 2422 842 2486 Ea
863 2422 958 2489 notio
979 2420 1006 2484 si
1019 2444 1125 2487 seusu
1139 2431 1222 2512 pro·¹

168 2518 401 2607 priocogiteri
416 2547 488 2591 non
502 2536 632 2616 potest,
652 2523 734 2590 inde
755 2523 974 2589 manifestum
994 2520 1035 2585 fit
1046 2522 1222 2601 judicium,

167 2618 315 2687 verbum
330 2626 458 2715 tropice
473 2651 545 2695 esse
564 2625 833 2713 intelligendum.
875 2626 924 2690 Ut
937 2647 1043 2709 quum
1056 2626 1224 2694 Pindarus

170 2721 289 2809 αἰχμήν
303 2726 405 2815 ἔγχεος
416 2727 570 2817 (adroso,
581 2729 762 2818 cuspidem
773 2726 964 2794 iracundae
977 2726 1117 2811 hastae,
1134 2729 1224 2824 dieit',

170 2823 209 2891 in
225 2848 264 2892 eo
278 2839 398 2920 tropus
417 2830 516 2901 facile
529 2831 737 2921 agnoscitur,
760 2830 788 2896 si
805 2853 881 2896 rem
903 2838 1097 2895 adsensum
1114 2830 1222 2898 inter-

169 2932 409 3001 uumreferas.
452 2934 573 3003 Statim
590 2928 682 3003 enim
703 2932 847 3025 patebit,
869 2933 1095 3000 iracundiam
1105 2924 1222 3000 hastae

170 3036 310 3122 proprie
332 3036 436 3104 tribui
456 3059 525 3104 non
544 3061 652 3127 posse.
697 3040 780 3104 ltem
804 3039 940 3123 quando
954 3038 1120 3103 Horatius
1131 3030 1239 3119 dieite

170 3156 252 3201 mea
275 3162 331 3204 me
351 3140 481 3207 virtute
496 3141 649 3223 involvo,
671 3138 771 3206 facile
785 3140 1015 3227 intelligimus,
1038 3137 1072 3202 id
1090 3140 1224 3228 tropice

171 3237 300 3326 dictum
316 3264 404 3322 esse,
426 3243 584 3327 quoniam
598 3242 738 3331 proprio
754 3263 855 3306 sensu
868 3240 1001 3306 involvi
1014 3241 1222 3310 virtutene-

169 3362 228 3407 mo
255 3355 379 3430 potest.
439 3343 708 3432 Apud'eundem
736 3344 883 3430 denique
907 3345 1042 3430 quando
1066 3345 1222 3434 legimur,

69 3480 73 3492 ·
163 3453 336 3529 pacatum
357 3447 510 3513 volitant
522 3470 592 3535 per
613 3470 712 3515 mare
731 3448 894 3527 navitae,
917 3470 1035 3513 sensus
1058 3456 1220 3518 externus

167 3548 342 3635 propriam
358 3548 454 3615 verbi
474 3551 622 3619 volitant
632 3549 907 3640 significationem
933 3549 988 3615 hie
1015 3554 1164 3638 respuit,
1184 3555 1246 3628 in„

166 3669 235 3732 quo
252 3650 342 3739 tropi
363 3650 545 3718 manifesta
567 3653 653 3721 inest
672 3654 881 3744 significatio.
926 3654 1017 3720 Haec
1041 3652 1150 3739 igitur
1165 3654 1221 3720 via

166 3770 229 3813 nos
252 3753 454 3840 plerumque
476 3756 517 3826 ad
532 3768 673 3844 tropum
693 3756 942 3846 agnoscendum
966 3757 1138 3844 perducit:
1161 3755 1221 3825 sed

164 3856 408 3921 tamen'nesrio
427 3881 469 3924 an
490 3882 561 3924 non
580 3881 714 3948 semper
735 3885 773 3927 ea
788 3861 952 3947 ratioper
972 3881 1007 3923 se
1030 3872 1133 3944 atque
1148 3863 1221 3928 sola

165 3951 330 4025 sufficiat.¹
362 3958 530 4051 Exemplo
545 3963 589 4029 sit
603 3955 696 4030 loeus
709 3964 871 4047 ExodiI,
896 3987 945 4030 ³21.
963 3962 1020 4027 ubi
1039 3976 1221 4051 postquam

163 4056 308 4181 'iflipwr
319 4076 500 4154 narrasset,
519 4066 727 4147 ludaeorum
743 4068 942 4140 obstetrices
953 4066 1042 4157 regis
1056 4065 1223 4162 Aegyptii
