2708 4636
353 301 838 377 ·'-·-·18-··

155 476 406 568 Quaesierunt
419 494 580 542 conversa
595 474 636 540 ab
652 472 822 541 Ausonio:

191 584 370 665 Armatam
376 595 461 660 vidit
478 593 637 658 Venerem
653 591 894 663 Lacedaemone
908 596 1020 658 Pallas

238 682 337 745 Nunc
352 697 519 765 certemus,
543 680 600 756 ait,
624 679 733 763 judice
747 685 801 742 vel
816 680 940 742 Paride.
1082 672 1085 689 ¹

198 768 262 832 Cui
279 771 406 830 Venus:
429 758 593 826 armatam
607 779 644 825 tu
658 787 719 842 me,
744 752 923 843 temer'aria,
940 764 1069 867 temnis,
1130 786 1144 824 ·.

242 853 346 940 Quae,
372 871 436 934 quo
453 865 486 911 te
500 849 567 910 vici
582 864 738 934 tempore,
762 849 849 911 nuda
865 851 955 913 fui?
1169 890 1174 917 1

158 991 223 1060 1111
246 988 309 1056 sibi
329 988 457 1075 placeat
484 984 601 1050 licebit
624 985 789 1072 Cytherea
809 986 867 1051 vel
888 988 1001 1076 potius
1024 1002 1206 1079 poetaree'»

141 1116 298 1183 ¹sponso,
328 1081 416 1177 quod
441 1086 526 1153 mihi
551 1085 686 1172 quidem
706 1088 855 1154 nasutuli
879 1093 1051 1176 cujusdam
1080 1095 1207 1184 effugio

147 1191 368 1264 ¹simillimum
393 1190 547 1272 videtur,
570 1190 749 1270 rationem,
771 1189 848 1274 quia
863 1193 996 1259 ratione
1012 1199 1205 1263 convellere

37 1320 39 1327 ·
74 1346 93 1385 x,
156 1291 1207 1385 1111111111,11111111111111111111.Ε1111111111111118111111111111

154 1424 260 1469 unam
277 1419 397 1464 vocem
411 1394 495 1475 vici,
508 1396 617 1481 inqua
629 1395 711 1459 latet
726 1387 936 1480 ambiguitas.
960 1397 1010 1463 Ea
1026 1423 1111 1485 quae
1127 1414 1204 1468 tum

100 1509 104 1517 '
155 1502 218 1569 erit
238 1497 424 1568 sententia?
454 1499 585 1585 Nempe
606 1495 701 1561 nuda
722 1507 755 1560 te
765 1490 933 1584 formu
903 1498 978 1565 v1ci.
1022 1502 1113 1568 Num
1129 1484 1207 1569 ideo

155 1604 258 1673 armis
280 1599 471 1668 armatam?
499 1598 573 1665 lta
563 1620 676 1689 ipsum
693 1599 851 1682 Dejanira
868 1595 1060 1684 Herculem,
1081 1602 1205 1671 Briseis
1277 1680 1284 1689 ¹

75 1700 79 1731 ³
156 1698 325 1776 Achillem
345 1714 447 1788 atque
462 1697 591 1768 Helena
605 1723 673 1766 una
688 1723 827 1766 omnem
844 1703 1053 1781 Graecorum
1071 1706 1205 1813 exerciss

112 1824 117 1831 “
156 1822 232 1876 tum
259 1807 385 1873 vincat.
438 1803 502 1871 Sed
525 1804 623 1869 illum
645 1827 798 1883 sensum,
829 1806 888 1890 qui
910 1829 999 1872 unus
1021 1798 1204 1887 11111111,

157 1933 336 2004 suppressa
353 1931 436 1975 voce
452 1906 584 1997 forma
604 1909 716 1992 tegere
740 1904 849 1972 voluit
869 1921 977 1993 poeta,
998 1900 1202 1989 abscondere

144 2008 225 2128 :non
241 2009 369 2103 potuit:
391 2031 460 2097 quo
470 2020 653 2098 perspecto,
669 2003 751 2095 quid
767 2005 979 2128 relinquitur
986 2010 1075 2097 quod
1091 2004 1204 2076 admi

92 2168 96 2175 ,
155 2114 288 2182 satione
309 2110 449 2203 dignum
472 2107 653 2179 videatur?
700 2109 811 2200 Quasi
838 2135 940 2194 vero,
968 2108 1103 2201 inquis,
1133 2100 1206 2180 non

145 2202 222 2284 Ι11111
242 2215 355 2304 ipsum
371 2217 484 2285 Venus
499 2214 650 2297 sentiret,
672 2225 730 2281 aut
744 2213 841 2300 quasi
853 2166 940 2281 illud
952 2212 1067 2302 potius¹
1080 2227 1204 2307 ageret,

154 2333 195 2385 ut
209 2319 312 2385 armis
328 2342 399 2385 sese
410 2318 536 2384 Palladi
550 2329 722 2404 praestare
736 2319 825 2383 serio
843 2314 1032 2396 contendat,
1047 2341 1148 2402 quam
1161 2321 1204 2382 ut

154 2420 303 2488 lacessita
323 2415 413 2487 illins
426 2416 510 2484 inse
528 2418 736 2485 dicacitatem
750 2416 818 2507 joci
832 2443 901 2483 non
924 2412 1050 2515 illepidi
1069 2416 1199 2501 facetiis
1275 2446 1281 2457 ‘

155 2524 308 2610 r.epellat
351 2517 518 2634 Equidem
538 2518 664 2600 fateor,
687 2522 733 2587 ita
748 2521 958 2587 intellectum
971 2524 1105 2611 poetam
1123 2522 1201 2598 cul·

60 2676 62 2683 .
155 2647 202 2713 pa
215 2620 362 2705 liberari,
377 2616 527 2708 quamvis
541 2614 699 2688 carminis
715 2620 818 2721 ipsius
833 2619 958 2740 speeies
972 2619 1061 2688 1111111
1074 2644 1202 2710 parum

154 2720 387 2792 imminuatur.
428 2717 515 2803 Nam
537 2715 600 2814 pre
630 2723 796 2791 sententia
825 2725 924 2809 gravi
949 2736 1047 2815 atque
1077 2720 1201 2810 magna

80 2850 84 2855 ’
156 2824 382 2893 habebimus
372 2825 434 2910 Joci
455 2820 524 2893 non
543 2820 679 2892 infaceti
698 2820 891 2908 levitatem,
920 2820 1103 2914 quiricum
1124 2818 1202 2892 ior·

157 2941 261 3011 tasse,
292 2930 351 2995 sed
377 2924 635 2996 admirationem
648 2940 740 2994 certe
754 2927 884 2993 nullam
900 2942 1044 2998 moveat.
1087 2924 1204 3018 Neque

159 3053 219 3118 ego
244 3055 323 3096 sane
342 3034 547 3117 negaverim,
570 3026 606 3095 in
619 3027 809 3094 carminum
825 3053 949 3116 genere
961 3027 1084 3099 leviori
1098 3033 1156 3099 illo
1171 3040 1206 3107 et

155 3129 328 3221 joculari
318 3155 427 3220 ipsam
448 3131 618 3198 interdum
643 3129 820 3197 falsitatem
839 3133 972 3217 placere
990 3159 1086 3224 posse
1109 3131 1203 3201 veri-

156 3234 233 3302 tatis
254 3236 367 3325 specie
385 3224 544 3301 1111111111.
588 3233 692 3299 Modo
716 3233 910 3315 sentiamus,
930 3256 1045 3342 neque
1063 3222 1200 3327 poetam

153 3337 266 3451 ipsum
289 3360 350 3423 pro
372 3357 455 3401 vero
475 3332 622 3426 speciem
634 3330 832 3424 amplexum
858 3357 939 3418 esse,
961 3359 1073 3430 neque
1087 3341 1203 3429 legen-

154 3416 242 3509 tibris
257 3442 338 3506 dare
352 3438 449 3504 velle.

239 3545 332 3647 Quid
356 3561 469 3621 autem
497 3557 540 3623 de
561 3557 630 3625 1111
637 3555 823 3633 Voltaerii
813 3580 850 3622 m
868 3507 1095 3627 Iletuschium
1121 3560 1200 3654 epi

151 3673 340 3750 grammate
353 3658 605 3775 judicabimus?

267 3797 400 3858 Autaur
413 3795 560 3874 solide,
551 3795 739 3906 ingc'nieux,
807 3860 808 3865 ,

275 3882 341 3965 Qui
358 3880 401 3949 du
418 3881 579 3944 theatra
563 3898 629 3944 etes
644 3888 674 3944 le
690 3885 823 3960 maltre,

270 3964 362 4029 Vnus
376 3970 440 4045 qu'r'
424 3965 527 4027 fites'
542 3962 572 4028 le
591 3968 757 4043 Glorieux,

269 4047 592 4138 Ilnetiendaoitqu’
607 4050 914 4123 111111111111111·
957 4096 961 4107 .
1010 4108 1013 4113 .
1045 4100 1052 4119 ,
