2708 4636
506 345 829 413 ...n-45...-

212 514 308 589 si
324 513 406 586 vorle
421 527 452 584 sl
467 462 512 582 liti
526 521 565 582 de
579 523 609 581 le
623 505 760 602 persona
776 531 921 606 augusta

154 682 159 693 ι
246 612 303 673 11
318 609 427 685 breve,
452 607 593 668 ssciutto
611 619 645 665 et
657 604 837 667 ritondetto
851 594 958 690 pietie·

190 766 193 771 ,
272 695 327 758 Gli
342 691 482 793 angelici
497 689 668 752 sembienti
684 690 753 751 nati
766 691 801 749 in
819 692 902 755 cielo
973 694 976 698 ’

170 789 179 800 ’
270 767 393 842 Non
366 800 395 838 ss
411 787 535 863 pennu
542 780 625 837 celer
640 789 727 836 sotto
745 778 838 836 alcun
852 772 935 840 velo.

147 895 244 966 Hanc
265 920 326 985 ego
349 917 393 961 an
413 892 554 987 dicam
544 891 727 978 imaginem
751 915 820 958 esse
839 892 999 960 Alcinael
1020 895 1066 963 At
1086 917 1130 962 ne
1147 908 1199 964 est

146 1002 286 1088 quidem
307 1000 377 1064 ulla
398 998 528 1087 imago,
550 1007 585 1063 et
603 1007 733 1084 poetae,
755 994 784 1067 si
798 994 863 1061 hoc
879 1008 928 1061 est
939 1009 1082 1079 secutus,
1103 999 1200 1064 mul-

148 1094 264 1173 torum
279 1117 441 1175 versuum
462 1088 567 1189 'opera
581 1096 692 1183 periit.
740 1097 827 1165 Nam
842 1097 935 1162 velut
950 1097 1071 1183 quibus
1084 1100 1200 1183 Vene-

146 1205 194 1275 ris
216 1193 388 1273 Mediceee
411 1201 545 1290 signum
569 1199 618 1266 ita
640 1201 888 1285 ostenderetur,
913 1211 953 1264 ut
972 1199 1102 1284 reliquo
1123 1223 1202 1269 cor

145 1331 232 1399 pore
260 1307 354 1373 omni
381 1300 536 1372 obvelato
560 1326 651 1372 nunc
671 1306 812 1395 pedem,
840 1316 916 1370 tum
936 1325 1094 1380 manum,
1125 1316 1202 1370 tum

146 1409 341 1488 brachium,
370 1398 515 1474 deinde
520 1422 656 1496 pectus,
684 1421 803 1497 postea
823 1431 922 1475 nares
949 1419 982 1473 et
1002 1405 1142 1472 oculum
1167 1415 1203 1471 et

148 1536 282 1593 eurem,
326 1461 474 1596 «lenique
502 1521 615 1576 cetera
644 1512 760 1577 omnia
779 1521 989 1599 spectarent.
999 1508 1203 1599 singulatim,

148 1616 319 1684 Venerem
346 1608 505 1701 quamvis
530 1611 626 1678 omni
652 1616 723 1701 ejus
742 1625 839 1702 parte
859 1613 965 1679 visa
954 1635 1063 1702 ipsam
1086 1624 1204 1680 temen

148 1738 220 1784 sese
246 1717 389 1783 minime
412 1724 573 1802 putarent
600 1729 783 1806 spectasse:
825 1716 875 1783 ita
900 1713 987 1783 mihi
1022 1726 1114 1782 certe
1142 1713 1204 1783 iste

146 1819 273 1906 legenti
300 1806 395 1885 nulla
426 1817 628 1885 obversatur
652 1819 785 1908 imago,
826 1820 983 1911 quamvis
1010 1819 1070 1886 illa
1089 1814 1208 1885 oblata

148 1921 351 2006 sintpmnia,
373 1945 392 1986 e
407 1923 528 2008 quilius
543 1919 631 1988 effici
645 1924 757 2010 imago
771 1924 890 2011 possit.

235 2022 357 2085 Nonne
378 2035 493 2088 autem
507 2027 565 2103 vel
577 2023 660 2087 haec
674 2024 802 2109 singula
812 2048 878 2115 per
890 2048 925 2090 se
939 2022 1037 2112 juvet
1047 2035 1205 2107 contens

152 2119 265 2211 plari?
286 2119 363 2184 Non
390 2122 547 2206 equidem
572 2139 657 2206 nego
686 2125 788 2187 etiam
814 2124 1025 2219 'singularum
1052 2123 1208 2214 emporis

150 2222 302 2313 partium
327 2222 510 2307 quamdam
543 2244 614 2288 esse
644 2222 946 2312 pulchritudinem,
982 2248 1050 2309 qua
1073 2226 1207 2313 possint

152 2324 457 2412 contemplantibus
485 2326 637 2412 placere:
660 2324 718 2389 sed
734 2321 799 2388 hoc
814 2324 1044 2411 qualecunque
1058 2337 1119 2410 est,
1139 2320 1218 2411 tale

152 2440 243 2495 certe
272 2450 342 2492 nou
371 2439 436 2511 est,
475 2440 516 2494 ut
538 2426 644 2516 possit
671 2449 752 2492 cum
775 2427 950 2515 voluptate
970 2427 1027 2495 ille
1046 2427 1206 2513 conferri,

152 2555 239 2621 quae
268 2530 418 2600 irascitur
451 2555 495 2596 ex
517 2531 669 2619 corporis
692 2530 845 2595 universi
871 2531 1043 2621 adspectu.
1087 2533 1211 2619 Neque.

153 2637 245 2714 enim
267 2633 326 2720 ille
352 2625 563 2722 singularum
583 2631 733 2722 partium
758 2635 913 2722 voluptas
938 2634 1077 2703 tandem
1093 2637 1207 2703 coale-

138 2739 215 2805 'eeit
238 2738 274 2803 in
297 2758 420 2816 unum,
444 2737 501 2800 sed
523 2735 566 2800 ed
586 2737 772 2820 legentium
787 2735 976 2801 satietatem
993 2738 1207 2822 atquefasti'·

152 2842 249 2909 dium
263 2842 415 2905 iteretur.
459 2836 573 2921 Atque
589 2854 660 2924 ego,
682 2838 817 2902 tametsi
833 2837 973 2902 sortasse
988 2851 1103 2924 partes
1116 2863 1207 2906 non·

152 2945 269 3010 nullae
292 2940 406 3006 vel1n
429 2939 580 3003 carmine
600 2962 656 3002 me
675 2936 892 3004 delectabunt
912 2940 1104 3028 expositae,
1134 2967 1208 3013 non
1248 2989 1251 2997 -

152 3046 226 3112 sine
245 3039 397 3121 maximo
417 3041 527 3107 taedio
550 3041 658 3126 legam
679 3041 834 3107 omnium
850 3044 1008 3121 avertice
1026 3046 1067 3113 ad
1082 3046 1207 3147 pedem

106 3222 109 3229 ,
150 3149 385 3217 membrorum
413 3144 682 3230 descriptionem.
726 3143 827 3210 Recte
839 3144 982 3260 ¹'quidem
1005 3148 1172 3216 Homerus
1188 3173 1210 3217 a

106 3323 109 3330 ,
152 3248 302 3319 candidis
313 3249 402 3314 ulnis
409 3249 575 3314 lunonem
589 3244 714 3329 laudat,
729 3269 750 3311 e
764 3246 877 3312 caesiis
893 3249 1208 3337 oculisMinervam,

152 3357 302 3426 Helenae
320 3350 502 3441 pulchram
521 3358 650 3415 comam
675 3361 853 3438 ceteraque
867 3351 925 3445 dat
944 3353 1076 3440 singula
1087 3357 1208 3442 singu·
1277 3398 1280 3405 ,

151 3456 201 3528 lis.
245 3458 309 3523 Cui
327 3479 398 3522 non
421 3453 522 3519 etiatn
542 3451 724 3541 placebunt
744 3451 803 3517 ille
817 3450 1007 3536 Wielandi‚
1029 3469 1208 3544 poetarum

153 3559 408 3628 Germanorum
424 3555 578 3624 omnium
595 3567 629 3620 et
645 3555 779 3642 ingenio
795 3564 831 3619 et
845 3553 1001 3620 doctrina
1014 3556 1164 3625 summi?
1240 3543 1243 3557 ¹

320 3715 364 3730 ·--
385 3714 428 3729 -
451 3677 505 3738 das
527 3673 622 3762 Aug',
649 3676 684 3734 in
697 3673 811 3737 dessen
829 3673 1098 3740 Feuerblicken

189 3770 265 3854 ,Ein
285 3767 434 3829 feuchtes
450 3762 639 3827 Wiilkchen
663 3760 857 3839 schwimmt,
882 3757 936 3823 die
954 3761 1064 3912 kleqqe
1077 3767 1206 3934 ppeiche

1043 3872 1082 3916 au

198 3940 267 4002 Die
277 3938 426 4082 Lippen,
453 3937 505 4000 die
525 3935 596 3998 dem
608 3933 690 3996 Kuss
706 3912 866 4019 entgegeir
881 3932 1068 4019 schwellen‚

198 4026 269 4086 Des
284 4041 344 4083 run
403 4023 498 4099 Knie,
524 4019 1016 4100 derHiiftenschiineWellen,
1166 4084 1171 4093 ,

118 4168 121 4177 ,
200 4109 279 4172 Und
294 4121 389 4170 anter
404 4111 544 4183 sanftem
556 4106 673 4177 Druck
688 4105 748 4179 cler
758 4105 849 4183 sulse
860 4105 1114 4174 Widerctand.
1169 4138 1173 4145 ·
