2708 4636
96 562 104 571 .
144 512 304 577 irritemus
322 505 422 594 longe
462 484 689 569 aufissimums
734 499 970 593 Quamobrem
992 482 1197 589 simulatqu'e
1282 516 1289 525 ·

70 640 77 667 ·-
150 613 192 678 ab
225 608 347 678 illustri
387 603 658 672 doctissimorum
695 604 852 673 vitomm
881 627 1035 672 consessu
1065 604 1195 671 isthanc

114 760 120 776 .
149 712 378 802 quaestionem
401 706 537 798 publice
552 705 763 794 propositam
783 710 991 796 legissemus,
1020 708 1113 795 jussit
1134 723 1195 776 noa

60 834 66 847 ³
148 800 281 881 animus
304 813 395 879 vires
415 811 453 876 in
478 809 541 874 bac
562 830 602 874 re
622 821 761 891 nostras
776 810 925 900 experiri
948 824 1049 900 atque
1065 800 1192 895 videre,

148 941 234 985 num
261 915 351 982 forto
372 901 417 980 eri
433 913 491 996 iis,
519 935 605 1000 quae
640 915 679 980 in
713 925 873 980 veterum
899 915 1194 1003 recentiorumque
1224 922 1229 935 '

88 1016 92 1023 “
107 1029 113 1035 “
148 1032 328 1086 auctorum
340 1008 480 1083 lectione
491 1016 617 1104 passim
632 1040 653 1082 a
668 1015 763 1083 nobis
782 1026 860 1082 sunt
874 1014 1058 1101 observata,
1079 1019 1192 1084 lucem

132 1123 216 1190 ltuc
230 1119 377 1206 aliquam
389 1118 522 1185 adferre
533 1141 716 1208 possemus.
753 1117 835 1209 Quo
857 1115 992 1204 quidem
1006 1117 1042 1182 in
1056 1110 1193 1207 negotio
1214 1174 1217 1179 .

116 1220 118 1224 ’
147 1220 436 1314 quemadmodum
460 1221 729 1293 doctissimorum
748 1223 904 1288 virorum
917 1218 1041 1305 judicio
1055 1243 1194 1307 operam
1282 1248 1285 1253 ·

99 1392 107 1404 ,
137 1327 279 1399 ,ἰεῐὴαιιο
300 1335 450 1396 noemam
470 1322 607 1410 probari
634 1325 730 1391 valde
757 1324 941 1412 gloriosum
970 1323 1194 1406 censebimus,

146 1430 196 1496 ita
210 1451 272 1494 nos
284 1425 404 1494 vincia
417 1426 660 1515 praestantiore,
669 1427 855 1494 litterarum
871 1442 987 1506 emesa
998 1427 1053 1494 vel
1065 1423 1208 1515 gaude-¹

143 1531 259 1602 bimus
274 1533 331 1598 vel
346 1529 459 1597 animo
477 1541 567 1595 certe
580 1528 731 1617 feremus
744 1529 904 1618 aequiori.
1203 1540 1207 1547 '

232 1634 343 1704 Habet
361 1643 477 1699 autem
496 1633 582 1698 haec
596 1630 743 1717 quaestio
760 1633 842 1697 duas
856 1629 980 1719 partes}
1016 1624 1138 1696 'Altera
1151 1628 1195 1694 do
1252 1640 1257 1652 '

148 1738 241 1807 veris
255 1735 412 1821 falsisque
425 1733 610 1800 luminibus
625 1735 832 1821 eloquentiae
846 1733 918 1800 sive
931 1735 972 1799 de
984 1746 1076 1800 recto
1092 1744 1208 1819 atque·

147 1850 309 1928 perverso
331 1835 402 1920 ejus
423 1835 515 1922 quod
535 1834 573 1902 in
591 1835 686 1924 poesi
700 1836 836 1920 eminet,
858 1835 992 1924 judicio,
1015 1833 1133 1901 adfusa
1148 1844 1206 1897 ex*-

149 1939 371 2024 antiquorum
392 1935 684 2026 recentiorumque
704 1952 880 2027 poetarum
894 1937 1108 2006 'carminibus
1127 1944 1207 2000 exi·

46 2062 48 2066 ’
152 2040 345 2125 amplorum
365 2038 439 2101 luce
467 2036 532 2101 erit
560 2038 817 2128 disputandum
854 2039 1205 2126 alteraostendemus·

30 2158 40 2166 ·
153 2135 242 2206 artes
264 2137 356 2216 illas,
377 2136 497 2222 quibus
517 2139 626 2202 omnis
648 2142 686 2206 in
698 2141 763 2206 hoc
776 2165 899 2230 genere
910 2141 1027 2232 judicii
1042 2139 1195 2231 pravitas

151 2243 281 2332 optime
296 2236 409 2304 caveri
423 2260 523 2326 posse
534 2236 698 2309 videatur.

188 2391 200 2413 .
239 2341 385 2410 Lumina
407 2343 635 2430 eloquentiae,
673 2367 758 2433 quae
779 2344 858 2413 sunt
877 2345 993 2412 eadem
1013 2343 1090 2432 ipsa
1109 2362 1198 2432 poe-

94 2452 96 2455 ’
151 2462 225 2523 aeos
238 2481 290 2498 =-
311 2466 421 2530 neque
439 2445 533 2525 enim
551 2446 617 2514 hoc
631 2468 757 2515 nomon
769 2447 911 2539 formae,
933 2470 1053 2516 verum
1068 2446 1198 2534 generis

62 2640 68 2651 ἰ
152 2550 410 2630 essevolumus,
432 2550 592 2635 quoniam
607 2565 642 2618 et
656 2566 775 2639 poetae
789 2554 953 2643 quaedam
967 2563 1017 2617 est
1031 2551 1197 2636 eloquen-

149 2655 215 2735 tia,
236 2663 270 2718 et
283 2672 366 2717 oum
373 2651 438 2717 hoc
452 2652 554 2719 habet
570 2667 685 2722 orator
697 2679 774 2721 cum
791 2656 880 2722 hano
891 2665 1024 2742 partem
1038 2663 1114 2716 tum
1128 2649 1198 2716 alia

150 2758 249 2847 plura
264 2755 457 2820 communia
478 2793 521 2812 ψ-
541 2757 653 2846 itaque
673 2759 807 2826 lumina
823 2755 1030 2846 eloquentiae
1045 2751 1198 2832 dicimus,

150 2855 314 2946 quidquid
338 2878 358 2920 e
377 2860 494 2928 ceteris
515 2860 563 2926 ita
575 2861 726 2946 eminet,
756 2873 796 2926 ut
808 2854 917 2950 specie
929 2857 1076 2946 quadam
1093 2876 1197 2943 qrae-

112 3031 117 3051 ,
151 2965 366 3044 claramque
387 2958 509 3046 insigni
526 2964 663 3050 legentis
684 2963 837 3030 animum
861 2961 1031 3050 percellat.
1066 2948 1215 3045 Quare:

69 3126 75 3155 ,⁸
141 3084 223 3136 ⁴tion
247 3059 408 3148 quidquid
428 3062 514 3130 bene
530 3077 688 3151 recteque
702 3078 805 3154 poeta
819 3063 960 3145 dixerit,
976 3058 1067 3128 'illud
1078 3061 1201 3129 lumen
1256 3056 1257 3060 ¹

122 3165 129 3173 ’
153 3168 219 3249 aql,
241 3164 325 3252 quin
341 3162 423 3229 adeo
436 3187 558 3252 magna
571 3161 830 3256 pulchritudinis
846 3190 924 3255 pars
940 3167 983 3257 ab
996 3166 1060 3231 boc
1074 3181 1216 3253 genere:

152 3279 359 3336 removetur.
402 3266 519 3354 Neque
545 3271 637 3335 enim
658 3273 712 3337 vel
732 3269 890 3355 orationis
916 3267 1082 3355 elegantia
1096 3276 1200 3352 atque

106 3423 110 3435 .
155 3381 334 3455 venustas,
359 3371 685 3455 nequeverborum
711 3377 765 3441 vel
792 3372 934 3461 dignitas
965 3371 1024 3436 vel
1051 3367 1201 3459 pondus,

153 3467 265 3559 ireque
280 3472 381 3536 decus
394 3471 478 3537 illud
491 3495 554 3560 per
577 3466 677 3540 omni>
691 3497 828 3541 carmen
843 3473 1059 3562 aequabiliter
1070 3471 1200 3550 fusum,

91 3648 94 3652 ,
156 3597 268 3662 neque
291 3574 365 3662 ipsa
385 3573 588 3668 phantasiae-
604 3577 658 3641 ais
677 3576 733 3665 illa
749 3574 894 3654 sedatior
909 3570 1199 3662 tranquilliorque,

73 3709 77 3716 =
157 3688 193 3765 et
214 3675 376 3765 quidquid
393 3676 437 3767 ab
457 3678 524 3743 ulla
544 3679 700 3744 carminis
717 3678 864 3744 universi
883 3689 977 3767 parte
1000 3673 1114 3741 abesse
1129 3674 1201 3741 sin‘e
1258 3707 1272 3713 -

128 3820 130 3825 ·
157 3779 420 3866 reprehensione
433 3802 502 3846 non
516 3793 636 3870 potest,
651 3782 716 3847 hoc
726 3801 851 3845 nomen
864 3779 1001 3868 recipit5
1020 3776 1219 3866 quotl÷qui·r

129 3946 144 3961 x
159 3882 239 3947 dem
249 3882 290 3947 iis
305 3882 444 3971 demum
456 3897 549 3950 recte
561 3884 733 3966 tribuitur,
748 3904 835 3968 quae
848 3882 1034 3966 legentium
1047 3879 1218 3946 animum·

105 4040 132 4060 .,
159 3984 197 4051 in
227 4008 261 4049 se
290 3995 415 4070 cogunt
433 3988 593 4080 morari,
612 3999 829 4073 mentemque
852 3991 920 4050 non
941 3987 1011 4052 leni
1031 3981 1205 4072 perfusam

158 4087 333 4176 uoluptate.
345 4085 383 4155 i'n
397 4090 564 4172 majorem
587 4105 668 4166 suae
684 4091 741 4158 vel
759 4086 998 4177 magnitudinis
1012 4087 1066 4167 rel
1080 4082 1208 4175 quaiitz
