2708 4636
758 228 768 257 t

486 330 854 394 ·--ss--

168 525 207 571 re
220 512 354 571 intento
373 509 615 590 exspectantes
660 499 879 585 Objiciuntur
900 504 1086 621 legentium
1102 504 1223 593 phan-

100 644 116 692 »χ
168 609 298 686 tasiae,
322 624 545 694 quaecunque
566 604 791 719 spectantium
812 605 928 674 ocutos
946 609 1097 672 maxime
1117 608 1225 673 ferire

54 712 57 716 ’
168 720 345 801 poterant,
374 719 408 773 et
429 705 584 792 ductores
612 707 751 781 navium
768 729 931 794 purpura
943 706 1128 801 fulgentes
1134 759 1147 789 ,
1187 720 1225 774 et

167 811 373 879 certantium
392 809 494 876 turbe
506 806 639 900 froude
663 810 838 888 coronati,
871 811 1076 901 nudatisque
1097 813 1225 877 hume·-

171 917 240 996 νέες
260 927 334 980 tum
350 915 503 1005 corporis
516 911 661 994 habitus,
683 913 743 999 qui
758 912 865 979 videri
879 927 1025 1002 poterat,
1048 913 1226 1000 abditique

171 1017 296 1086 mentis
313 1039 371 1106 spe
383 1029 564 1105 metuque,
587 1027 621 1080 et
637 1016 740 1081 anxia
753 1039 870 1081 rerum
885 1018 1137 1107 exspectatione
1150 1018 1227 1105 agi-

109 1122 116 1135 ‘
169 1133 257 1188 tatae
278 1131 400 1186 motus.
446 1118 546 1207 Quae
574 1119 688 1187 omnia
709 1111 1002 1207 quampraeclara
1025 1121 1080 1190 his
1108 1120 1224 1195 versi÷

115 1303 121 1309 .
169 1223 232 1290 bus
248 1221 525 1309 comprehendit!

215 1338 405 1412 Considunt
428 1342 593 1415 transtris,
618 1342 811 1426 intentaque
830 1336 961 1403 brachia
980 1344 1092 1406 remiss

215 1429 342 1496 Intenti
357 1439 548 1511 exspectant
561 1429 700 1513 signum,
726 1429 987 1510 exsultantiaque
1003 1430 1114 1492 haurit

216 1514 324 1580 Corda
346 1535 449 1598 paror
471 1519 620 1596 pulsans,
644 1513 840 1597 laudumque
856 1513 984 1578 adrecta
1005 1514 1137 1596 cupido.

171 1642 286 1729 Atque
299 1641 416 1727 ingens
430 1662 534 1728 porro
547 1639 598 1706 vis
616 1650 687 1723 est,
705 1651 737 1705 et
749 1639 954 1704 admirabilis
970 1642 1134 1727 quaedam
1151 1643 1228 1729 agi·

77 1792 82 1802 -
171 1745 254 1812 tatio
272 1745 312 1810 in
330 1742 567 1830 sequentibus,
588 1742 650 1806 uhi
671 1746 740 1821 jam
756 1742 955 1806 emissarum
971 1743 1112 1808 navium
1127 1767 1227 1810 com·

172 1848 316 1915 missum
335 1856 509 1911 certamen
530 1843 749 1930 significatur.
792 1844 968 1910 Feruntur
986 1846 1064 1910 illae
1083 1850 1221 1932 quidem

173 1947 303 2036 ingenti
323 1949 414 2014 mole
434 1945 499 2030 ita,
531 1958 572 2011 ut
593 1959 843 2013 commotarum
867 1970 1032 2033 aquarum
1048 1950 1221 2034 ingentem

125 2100 133 2107 -
173 2050 363 2139 strepitum,
385 2048 598 2134 singulorum
610 2052 857 2121 vocabulorum
870 2054 1048 2118 sentientes
1062 2054 1225 2141 pondera,
1241 2041 1244 2049 ¹

145 2155 359 2222 vaudiamus.
402 2153 463 2219 ttta
484 2151 579 2219 dicos

214 2273 427 2336 -adductis
454 2288 606 2358 spumant
620 2271 705 2335 freta
725 2293 816 2337 versa
831 2273 970 2338 lacertis.
1035 2281 1037 2286 ’

212 2359 386 2423 Infindunt
400 2360 522 2440 pariter
536 2363 661 2434 sulcos,
685 2372 857 2442 totumque
874 2362 1015 2423 dehiscit

215 2446 416 2507 convolsum
428 2442 524 2504 remis
540 2443 719 2527 rostrisque
735 2445 932 2508 tridentibus
948 2466 1079 2531 aequor.

172 2567 383 2640 Earumdem
395 2589 478 2634 vere
501 2566 652 2633 celeritas
664 2568 853 2638 illustratur
868 2574 1134 2662 comparatione,
1157 2596 1227 2665 qua

172 2671 258 2739 mihi
271 2669 410 2758 quidem
426 2667 512 2735 nihil
527 2668 715 2737 absolutius
729 2674 877 2760 cogitare
891 2699 989 2764 posse
1004 2676 1095 2744 videt
1082 2689 1158 2745 turs

81 2785 87 2794 ’
121 2835 124 2839 ·
200 2796 292 2863 Non
308 2813 372 2860 tam
390 2797 586 2882 praecipites
603 2799 738 2947 bijupo
731 2805 906 2867 certamine
923 2826 1070 2889 campum

182 2885 437 2985 Conripuere,
441 2899 626 2985 ruuntque
645 2909 662 2948 e
689 2910 740 2949 uss
760 2911 885 2952 carcere
903 2913 1032 2952 currus:

214 2971 326 3035 Nec
301 2992 348 3031 s1c
368 2968 511 3030 inmissis
535 2971 664 3073 aurigae
676 2972 839 3036 undantia
855 2981 923 3038 lora

112 3104 119 3123 ,
184 3058 443 3120 Οοιιουιεειο
432 3055 531 3140 jugit,
555 3058 719 3143 pronique
735 3060 771 3120 in
785 3061 919 3123 verbera
933 3061 1089 3145 pendent.

170 3184 216 3253 In
223 3183 276 3250 his
289 3202 498 3269 quamquam
517 3180 604 3249 nihil
618 3206 687 3251 non
708 3185 905 3254 admirabile
926 3187 987 3271 sit,
1009 3175 1128 3254 tamen
1148 3189 1225 3259 exi-

168 3288 288 3369 mium,
309 3284 369 3373 qui
383 3285 419 3349 in
433 3282 613 3374 postremis
628 3283 781 3354 versibus
797 3301 856 3363 est,
879 3303 1036 3357 ornatum
1052 3291 1087 3356 in
1101 3294 1223 3382 primis

167 3390 270 3457 velim
285 3387 443 3478 expendi.
485 3383 616 3477 Nempe
627 3389 800 3473 Immissis
804 3392 925 3482 jugis3
946 3391 982 3456 id
1004 3408 1070 3477 est,
1093 3397 1224 3464 admis-

45 3482 59 3491 ”
168 3495 214 3563 sis
233 3496 347 3560 laxato
364 3483 472 3557 freno
482 3490 649 3578 jugalibus
671 3496 783 3582 equis:
800 3573 805 3581 p
822 3493 1002 3562 Undantic
1017 3498 1115 3579 lora3
1140 3503 1223 3590 pul·

132 3594 135 3601 ’
167 3599 312 3665 cernisne
334 3591 377 3660 ad
399 3591 629 3685 phantasiam,
656 3619 722 3687 pro
741 3599 870 3666 laxata:
892 3595 1140 3684 ··Goncussere‚·
1177 3603 1220 3669 ad

167 3710 269 3786 equos
292 3696 451 3764 videlicet
462 3697 669 3768 incitandos:
692 3702 838 3791 denique
860 3701 979 3767 vivens
992 3701 1049 3770 itta
1066 3705 1220 3793 spirans-

167 3822 235 3889 que
249 3799 384 3888 penitus
398 3801 521 3890 imago,
542 3804 720 3896 Pronique
737 3807 774 3873 in
784 3805 930 3875 aethera
938 3809 1102 3895 pendent.
1137 3810 1219 3899 Quo

164 3913 338 3993 postremo
366 3905 534 3973 vocabulo
560 3907 693 3976 hahitare
713 3909 867 3996 corporis
893 3910 1090 3999 proclinati,
1125 3913 1221 3998 quod

165 4027 238 4073 uno
260 3998 421 4091 tanquam
448 4022 575 4099 puncto
601 4012 763 4080 innixum
789 4013 848 4079 vix
870 4015 1050 4080 consistere
1071 4014 1221 4095 videtur,

164 4107 453 4199 praestantissime
472 4109 653 4206 pingitur-⁴
677 4114 791 4205 Atque
810 4137 858 4184 ne
873 4117 985 4192 inania
1003 4116 1134 4185 isthaec
1158 4141 1221 4184 or-
