2708 4636
136 300 141 336 ἥ
501 360 605 403 w
632 337 710 406 ¹130
752 352 844 393 ⁶⁶⁶-

846 438 876 471 Χι

124 473 126 479 .
403 465 416 492 κ
1206 469 1209 477 ,

150 500 273 606 mque
284 517 345 584 ille
353 498 476 581 vocem
497 513 638 581 animae
653 512 756 580 etiam
774 513 819 582 ad
841 500 1078 603 praecedentia
1090 507 1209 606 'perti-

157 645 252 703 nere,
274 619 622 704 constructionemque
634 616 723 684 hanc
743 640 816 683 esse
833 616 1022 684 existimat:
1044 641 1087 684 ne
1097 634 1210 710 pute*

156 724 215 803 tis,
239 723 375 788 animas
383 745 485 810 posse
493 720 577 810 pati
586 721 686 787 mala
700 721 797 802 ullu3
806 764 809 771 »
818 720 944 811 quippe
958 733 1075 789 monte,
1086 738 1211 793 carent

112 821 116 837 '
157 827 309 901 animae.
335 819 425 912 'Ego
436 848 523 890 vero
536 824 584 890 ita
596 822 682 889 mihi
697 822 895 913 persuadeo,
907 824 1034 891 *virum
1051 825 1210 894 doctissi-

69 948 71 952 ‘
158 953 277 1014 mum,
289 930 317 995 si
329 949 467 993 omnem
481 928 549 993 loci
560 937 758 994 contextum
773 925 966 1021 diligentius
981 928 1211 1014 expendisset,

71 1089 76 1103 ,
159 1056 247 1123 eam,
270 1054 370 1119 quam
384 1023 455 1096 tam
467 1028 613 1096 fidenter
626 1030 851 1104 commendat,
873 1029 1139 1119 interpungendi
1151 1024 1212 1100 ra·

158 1136 289 1204 tionem
310 1135 401 1200 ultro
423 1132 527 1198 fuisse
549 1131 772 1217 abjecturum.
815 1132 921 1215 Nam,
942 1154 1046 1223 quem
1066 1133 1126 1199 ille
1147 1136 1212 1202 hac

154 1241 216 1307 aia
237 1238 341 1304 efficit
360 1254 513 1314 sensnm,
536 1233 675 1300 anima
682 1247 766 1323 post
777 1245 926 1302 mortem
943 1234 1027 1322 pati
1040 1237 1118 1301 ulle
1131 1263 1211 1304 ma·

96 1410 99 1418 ,
149 1342 200 1410 =le
214 1366 282 1409 uon
291 1361 411 1429 posse,
432 1336 460 1401 is
474 1347 566 1402 certe
584 1335 769 1402 consistere
783 1335 912 1424 nequit,
934 1359 1015 1402 cum
1027 1338 1160 1407 animos
1172 1343 1210 1408 in

157 1446 251 1512 nova
263 1462 408 1531 corpora
421 1439 617 1526 migrantes,
639 1462 775 1507 necesse
791 1440 841 1524 sit,
865 1439 1033 1522 eamdem,
1056 1463 1161 1526 quam
1174 1444 1212 1511 in

157 1547 226 1616 bae
253 1534 326 1612 iita
351 1542 541 1626 subierant,
583 1539 742 1610 fortunae
769 1542 1031 1610 inconstantiam
1058 1565 1210 1613 manere.

157 1636 342 1721 Praeterea
369 1645 435 1710 hoc
463 1643 653 1710 tenendum
682 1657 749 1729 est,
790 1657 931 1734 poetam
955 1667 1000 1710 ex
1019 1643 1213 1736 philosophi

159 1766 276 1822 mente
295 1750 352 1817 hie
371 1747 447 1814 illos
467 1769 666 1838 oppugnare
687 1758 853 1832 terrores,
876 1745 937 1836 qui
958 1769 1001 1812 ex
1022 1731 1226 1816 subeundis¹

161 1855 253 1944 apud
267 1851 395 1919 inferos
410 1851 584 1944 suppliciis
605 1849 855 1943 nascebantur..
885 1849 985 1938 Quos
1001 1871 1107 1937 uanos
1122 1874 1209 1938 esse,

71 1998 73 2003 =
161 1956 290 2048 duplici
304 1955 451 2022 ostendit
462 1956 605 2021 ratione.
630 1953 838 2043 ‘Ad‘cotpns
852 1953 1000 2042 quidem,
1020 1952 1143 2040 inquit,
1161 1957 1212 2022 il-

41 2048 49 2061 “
156 2054 213 2145 la,
236 2080 323 2149 quae
344 2055 539 2146 finguntur,
570 2055 663 2146 apud
691 2055 821 2124 inferos
842 2066 1013 2135 tormenta
1042 2057 1213 2144 pertinere

156 2168 232 2233 'nort
243 2173 394 2255 possunt,
416 2160 578 2246 qnoniam
598 2159 694 2244 illud,
715 2160 786 2227 sive
802 2163 904 2246 logo,
925 2159 997 2224 sive
1010 2158 1090 2226 tabe
1102 2159 1214 2228 disso-

138 2269 145 2283 '
160 2271 275 2345 lutum
291 2264 566 2350 dissipatumqne‚
579 2262 662 2328 mali
676 2264 784 2335 omnis
802 2275 851 2329 est
864 2272 996 2351 expers.
1015 2261 1138 2347 Neque
1149 2288 1213 2330 ve·-

162 2396 203 2440 ro
218 2370 332 2436 animo
347 2364 427 2431 inde
441 2362 570 2448 aliquid
586 2374 636 2428 est
650 2365 893 2431 metuendumz
917 2363 1081 2452 quoniam
1092 2365 1151 2451 ille
1167 2393 1214 2436 ex

153 2472 228 2539 ¹alio
249 2470 287 2534 in
308 2466 398 2534 aliud
417 2490 540 2555 ,corpus
561 2465 751 2534 identidem
774 2467 959 2547 transiens,
985 2467 1094 2534 isthoc
1110 2470 1214 2556 hujus

154 2575 201 2647 ,in
220 2573 312 2638 hisce
332 2567 429 2633 terris
447 2570 669 2653 perennantis
690 2571 778 2635 vita-e
800 2569 1009 2635 curriculum
1025 2570 1213 2640 continuat.

147 2676 220 2755 ,Ex
235 2672 358 2760 quibus
374 2689 454 2732 sene
467 2680 572 2756 patet,
594 2670 663 2735 viri
675 2672 800 2757 egregii
814 2668 960 2737 acumen
977 2671 1013 2738 in
1027 2673 1130 2760 hujus
1143 2677 1211 2742 loci

160 2800 260 2847 sensu
278 2770 513 2841 constituendo
527 2774 628 2863 plane
644 2776 668 2840 'a
682 2775 956 2857 veroaberrasse.

230 2866 377 2948 ¹Verum
391 2887 507 2951 nostra
523 2877 673 2965 prolusio
686 2891 838 2960 vestrae,
858 2876 1056 2961 Auditores,
1079 2881 1213 2950 utilita-

158 2985 203 3050 tis
216 3003 315 3048 eausa
332 2977 485 3044 maxime
501 2991 670 3069 suscepta,
693 2981 832 3071 tandem
857 2978 899 3044 ad
915 2981 1096 3070 proprium
1108 3006 1209 3051 suum

149 3070 285 3151 'munus
308 3077 528 3166 officiumque
549 3082 681 3166 redeat,
705 3109 776 3172 quo.
792 3104 977 3151 monemur
998 3107 1125 3152 novum
1142 3111 1211 3154 vo-

157 3185 209 3251 bis
222 3186 284 3252 rite
297 3183 443 3279 indicere
457 3185 650 3251 studiorum
667 3210 821 3273 cursum,
842 3185 942 3252 bonis
962 3185 1076 3266 verbis
1091 3188 1208 3276 auspi-

156 3290 315 3369 candum,
338 3278 680 3374 persequendumque
697 3291 861 3358 constanti
872 3290 1068 3356 animorum
1084 3290 1211 3356 alacri-

5 3376 8 3388 *
146 3403 227 3463 ,tate
245 3412 301 3470 ea,
320 3386 422 3474 ¹cujus
438 3410 533 3476 spem
548 3390 646 3456 nobis
660 3392 764 3457 affert
787 3405 940 3460 vestrum
961 3391 1209 3480 plerorumque

39 3478 43 3489 i
151 3496 299 3583 diligens
319 3514 424 3580 opera
443 3493 602 3578 praestita
625 3490 747 3560 litteris
772 3478 941 3582 superiori
965 3515 1082 3576 cursu,
1125 3518 1206 3561 cum

155 3598 301 3686 publica,
322 3594 532 3685 publicisque
544 3595 706 3684 praemiis
726 3607 957 3677 remunerata,
979 3606 1055 3667 tum
1068 3596 1206 3684 privata

153 3701 272 3783 etiam,
295 3709 395 3782 atque
408 3721 428 3761 a
440 3696 629 3767 doctoribus
650 3698 773 3763 vestris
791 3697 899 3763 nihilo
915 3698 1024 3762 secius
1040 3697 1204 3765 observa-

79 3835 81 3840 *
152 3809 197 3866 ta.
242 3800 348 3890 Quod
363 3797 454 3862 enim
467 3797 630 3866 intervos
649 3800 861 3867 sodalitatem
875 3799 1107 3883 constituistis,
1129 3826 1201 3870 non

149 3902 249 3984 ludo,
280 3923 344 3967 nec
364 3901 709 3982 comissationibus,
742 3926 868 3970 verum
893 3900 1056 3988 susceptis
1077 3916 1199 3991 sponte

147 4006 322 4072 honestam
331 4003 522 4070 studiorum
533 4004 669 4070 laudem
677 4004 921 4093 aemulantium
933 3998 1108 4070 laboribus
1121 4002 1197 4068 fre-

146 4103 381 4196 quentandam,
395 4105 482 4172 illud
495 4107 567 4193 quis
584 4129 655 4178 non
668 4107 783 4175 bonus·
792 4106 935 4177 libenter
946 4101 1106 4189 laudans,
1119 4104 1194 4175 lae-
