2708 4636
499 319 827 384 -μ-ὃιι-

89 516 95 523 “
148 510 327 579 caverent,
357 493 395 558 ei·
410 477 444 556 et
466 511 578 556 mores
599 501 634 556 et
653 491 841 556 orationem
862 488 993 578 saepius
1010 488 1195 558 hominum

146 602 387 672 venusticrum
411 594 558 684 polirent
569 592 842 675 consuetudine,
863 592 965 680 atque
985 593 1126 658 omnino
1142 606 1198 659 te-

47 746 65 780 ,ι
146 716 270 773 nerent
289 697 392 777 illud,
414 696 510 787 quodq
528 693 664 760 estsine
686 695 789 760 dubio
810 695 1045 775 verissimum,
1067 695 1199 762 nemini

80 780 86 792 Δ
146 804 258 892 neque
270 815 387 892 poetae
400 821 508 886 neque
522 795 625 863 ullius
638 794 771 882 generis
784 796 914 859 auctori
927 797 1112 884 quidquam
1129 823 1200 865 esse

129 905 378 995 scribendum,
400 902 491 988 quod
515 901 552 965 in
571 897 641 963 ullo
658 919 778 962 eorum
802 919 885 984 quos
911 899 1059 966 diximus
1081 902 1200 975 homi-

147 1035 231 1078 num
245 1019 345 1074 coetu
359 1003 515 1070 recitasse
529 1000 654 1090 pudori
670 999 787 1066 fuerit.
846 1054 849 1060 .
1207 1094 1210 1101 Ι

232 1111 343 1196 Atque
356 1107 408 1171 his
424 1103 563 1184 tandem
577 1101 744 1192 omnibus,
759 1100 810 1166 uti
825 1102 1074 1191 praecepimus,
1083 1106 1129 1170 ita
1144 1106 1202 1172 di-

56 1217 58 1224 '
149 1216 295 1305 ligenter
314 1208 469 1300 peractis,
493 1205 580 1271 illud
600 1225 710 1268 unum
724 1196 871 1289 denique
887 1206 1200 1273 commendabimus

149 1317 327 1405 scripturo,
351 1325 391 1377 ιιι
405 1332 445 1374 ea
461 1331 549 1395 quae
565 1305 727 1372 didicerat
740 1304 847 1371 fidelit
834 1318 885 1371 ter
899 1319 1017 1373 tenens
1030 1332 1142 1428 neque
1158 1309 1201 1375 ab

129 1496 131 1501 A
145 1427 284 1486 suomet
295 1414 365 1502 ipse
379 1432 482 1478 sensu
494 1431 645 1497 unquam
658 1408 828 1489 desciscat,
840 1431 951 1495 neque
964 1435 1074 1478 vanae
1086 1415 1202 1498 cujus-

150 1521 228 1588 dam
253 1513 487 1598 instabilisque
515 1500 673 1599 gloriolae
697 1508 854 1624 cupidine
884 1512 1014 1580 illectus
1037 1539 1100 1602 pio
1120 1521 1211 1582 vera'

147 1616 434 1716 pulchritudine
421 1639 560 1682 inanem
581 1613 653 1699 ejus
675 1611 822 1696 speciem
842 1624 944 1701 atque
965 1617 1123 1682 umbram
1143 1641 1202 1682 se-

149 1736 268 1792 ctetur.
287 1718 431 1815 Neque
447 1712 638 1806 profecto
628 1713 755 1799 mgenii
740 1708 913 1782 firmam
919 1730 1201 1804 manentemque

147 1827 285 1896 laudem
309 1832 413 1906 atque
427 1818 556 1885 famam
579 1827 799 1912 quaerentem
821 1830 958 1930 oportet
976 1831 1036 1886 aut
1050 1821 1091 1889 de
1105 1810 1200 1884 niul-
1216 1822 1221 1834 '

148 1927 299 1996 titudinis
311 1922 438 2009 judicic
460 1921 634 1999 laborare,
656 1931 715 1984 aut
729 1903 808 2005 quid
824 1918 866 1984 sit
878 1920 1081 2008 placiturum
1094 1943 1200 2007 quam

148 2028 317 2122 plurimis,
336 2024 516 2110 diligenter
533 2043 648 2117 secum
663 2006 887 2110 perpendere.
926 2023 988 2088 Est
1004 2034 1115 2088 autem
1132 2024 1201 2087 sine

149 2129 253 2199 dubio
266 2128 370 2216 arrimr
363 2127 566 2213 cujusdam
576 2112 700 2209 magni,
720 2146 790 2195 non
800 2123 929 2206 eodem,
946 2126 1003 2240 qui
1021 2137 1129 2191 cetera
1143 2147 1204 2189 ra-

99 2283 102 2297 .
148 2235 218 2325 pit,
239 2231 371 2320 impetu
396 2229 544 2312 auferri,
561 2239 669 2313 atque
689 2227 783 2291 ultro
808 2227 958 2293 aversari
974 2249 1111 2291 omnem
1127 2213 1220 2291 lau-⁸

149 2323 230 2402 dem
250 2333 349 2399 facile
371 2330 511 2417 quidem
525 2329 583 2394 sed
597 2350 666 2393 non
679 2349 764 2392 vera
778 2326 835 2392 via
848 2351 956 2416 neque
969 2327 1132 2395 laudabili
1145 2352 1206 2394 ra-

149 2417 244 2502 tione
268 2433 498 2497 obtinendam.
543 2427 631 2496 Tam
655 2427 911 2516 enimdiligcns
929 2443 978 2496 est
998 2443 1034 2496 et
1054 2432 1206 2498 studiosa

151 2539 203 2603 sui
224 2535 490 2617 uniuscujusque
510 2543 651 2623 natura,
672 2543 723 2609 ,ut
749 2553 835 2618 quae
856 2533 892 2599 ιιι
920 2534 994 2599 aliis
1013 2522 1205 2599 contemni·

74 2630 88 2695 J
152 2662 246 2716 mus,
269 2659 348 2702 cum
364 2634 405 2698 iis
424 2634 462 2697 ιιι
482 2631 627 2719 gratiam
649 2626 810 2698 facillime
828 2634 1025 2719 redeamus,
1046 2636 1206 2701 simulat-
1245 2691 1248 2699 .

152 2764 219 2828 que-
242 2723 337 2803 nobis
353 2737 395 2824 ad
416 2759 512 2825 opes,
537 2735 687 2822 gloriam
709 2747 810 2822 atque
829 2737 996 2805 bonorem
1015 2739 1207 2805 conducere

69 2908 71 2913 .
154 2841 400 2926 intelligamus,
421 2838 564 2926 perinde
582 2849 624 2904 ac'
644 2839 673 2904 si
690 2839 836 2904 istarum
857 2863 975 2906 rerum
997 2865 1067 2907 non
1087 2843 1130 2907 ab
1142 2865 1206 2927 sua

153 2957 288 3024 natura,
303 2942 362 3006 sed
377 2941 420 3032 ab
431 2965 551 3008 eorum
568 2941 627 3028 qui
641 2938 772 3011 faciunt
788 2955 942 3033 respectu
957 2943 1125 3032 proficisci
1141 2943 1212 3033 de·-

79 3041 81 3045 ’
154 3045 250 3111 beret
277 3042 493 3114 existimatio,
511 3097 514 3101 .
547 3043 662 3130 Aqua
681 3043 759 3108 labe
778 3065 847 3133 quo
876 3048 997 3120 certius
1009 3044 1052 3112 sit
1067 3061 1206 3114 cautum

154 3159 282 3226 nostro,
304 3145 436 3231 saepius
460 3144 563 3210 velim
576 3140 644 3212 boc
660 3147 795 3232 cogitet,
817 3171 920 3235 quam
934 3149 976 3214 sit
987 3149 1206 3240 aspernabilis

155 3260 256 3332 atque
276 3246 419 3312 minime
439 3260 540 3334 expet
528 3250 628 3316 tenda
647 3273 767 3316 eorum
787 3252 880 3333 laus,
916 3274 1063 3337 quotum
1083 3266 1206 3318 conte-

157 3373 255 3419 mnas
270 3339 512 3432 singulorum]
503 3348 634 3427 udicis,
657 3359 850 3440 quantaque
864 3355 1056 3441 sapientum
1074 3358 1207 3442 jactura

156 3456 338 3523 stultorum
360 3447 518 3534 suffragia
541 3461 730 3538 captentur.
789 3456 879 3543 Ergo
905 3457 1056 3523 scribens
1076 3459 1139 3524 sibi
1160 3459 1205 3525 ob

159 3556 274 3622 oculos
294 3565 398 3642 ponat
418 3564 452 3617 et
466 3552 644 3640 optimum
662 3572 837 3642 quemque
858 3577 939 3623 suae
959 3557 1075 3624 aetatis
1088 3552 1207 3626 virum
1242 3580 1248 3586 ·

160 3669 261 3742 atquc
280 3655 432 3721 exomni
452 3657 648 3743 posteritate
662 3656 758 3734 illos,
780 3659 901 3744 quibus
921 3659 1083 3746 placuisse
1095 3659 1207 3750 inpri-

159 3756 284 3830 missit
305 3757 558 3826 honorificuma.
571 3759 703 3844 hacque
725 3782 848 3824 corona
870 3782 942 3826 rem
958 3776 1051 3848 agat,
1073 3763 1134 3827 bos
1148 3766 1207 3850 ju-

160 3857 251 3934 dices
266 3859 323 3922 ille
338 3859 529 3943 intueatur,
551 3864 699 3949 palmam
720 3883 857 3929 ornnem
872 3886 1029 3930 recusans
1044 3863 1108 3929 nisi
1123 3865 1208 3931 istc-

159 3979 241 4028 rum
256 3981 422 4037 consensu
436 3960 499 4026 sibi
513 3963 667 4029 delatam.

242 4058 352 4154 Quod
373 4064 403 4134 si
421 4064 558 4134 undem
569 4089 649 4171 sese.
661 4065 786 4154 videat,
802 4070 958 4157 quamvis
977 4047 1044 4138 hoc
1064 4023 1217 4139 ιιιιιιιιιιοί
