2708 4636
497 339 942 407 '··--r's'·-·-·

178 525 237 581 tur
258 505 435 597 honestas,
456 533 544 600 quae
564 511 637 600 ipsa
659 523 710 577 est
729 512 854 579 veritas
870 510 909 577 in
928 511 1031 578 rebus
1052 512 1095 579 ad
1111 510 1218 581 vitam

178 629 279 703 atque
297 606 679 704 mor'es'pertinentibus.
722 614 807 705 Nam
821 610 943 679 falsitas
959 615 1069 680 omnis
1086 638 1126 680 eo
1141 638 1219 680 rna·

178 722 232 806 gis*
249 722 285 786 in
307 721 391 787 vitid
409 719 559 807 ponitur,
582 738 650 801 quo
670 715 805 800 gravior
817 717 1102 803 perniciosiorque
1116 719 1220 783 fuerit

178 845 294 905 error,
317 832 337 887 a
352 840 420 911 quo
434 823 476 887 sit
490 819 655 906 profecta.
686 819 778 904 Ergo
792 817 833 882 de
849 817 950 883 rebus
963 832 1054 884 recte
1065 820 1219 904 judicans

175 942 277 991 nemo
292 948 373 991 sane
394 922 543 989 laudabit
557 921 626 1003 illa,
648 943 734 1008 quae
747 921 905 984 Lucanus·
919 919 998 1012 satis
1013 922 1102 991 tristi
1115 924 1220 992 bello·
1287 948 1297 971 ν

176 1048 258 1094 rum
273 1027 426 1093 civilium
439 1021 659 1115 deplorationi
671 1021 860 1110 subjunxit.

221 1217 367 1303 Quodsi
383 1238 453 1279 non·
469 1216 564 1277 aliam
575 1229 713 1276 venturo
729 1210 797 1280 fata
813 1209 940 1277 Neroni

167 1324 176 1335 ‘
220 1297 379 1366 invenere
392 1301 488 1379 viam,
511 1321 693 1384 magnoque
706 1315 839 1361 aeterna
853 1317 1007 1383 parantur

223 1391 335 1475 Regna
349 1387 443 1464 Deis,
470 1391 658 1467 coelumque
674 1406 732 1446 suo
747 1385 867 1447 servire
885 1387 1030 1449 Tonanti

222 1474 366 1539 Nonnisi
380 1492 548 1532 saevorum
563 1469 673 1551 potuit
688 1486 763 1552 post
775 1470 860 1531 bella
873 1472 1066 1557 Gigantum:
1079 1544 1082 1551 ¹
1160 1512 1163 1517 ·

148 1590 151 1597 ·
221 1563 293 1627 Jam
312 1558 408 1631 nihil,
433 1554 594 1637 oSuperi,
621 1556 798 1638 querimur3
823 1559 941 1617 scelera
958 1559 1029 1641 ipsa
1043 1558 1204 1645 nefasque
1277 1558 1319 1583 ”

221 1648 295 1709 Hac
311 1640 458 1704 mercede
474 1645 620 1722 placent:
645 1637 731 1699 diros
745 1639 907 1701 Pharsalia
926 1664 1054 1725 campos

141 1777 144 1782 ι
221 1733 378 1814 Ιωρὶεαῐ,
401 1739 441 1786 ut
454 1723 756 1786 Poenisaturentur
769 1726 926 1810 sanguine
939 1749 1065 1790 manes:
1090 1744 1151 1792 etc.

179 1918 268 1989 ttam
288 1912 328 1981 ut
353 1911 581 1988 detestabilem
595 1911 795 1979 adulationis
810 1892 1053 2002 iurpitudinem
1069 1927 1227 2005 praeter·

115 2012 120 2018 ⁵
182 2043 269 2098 eam,
291 2014 376 2102 quid
395 2013 536 2076 omnino
552 2013 721 2097 indignius
741 2014 883 2102 sapienti
897 2017 981 2099 viro,
1002 2041 1105 2104 quarn
1118 2021 1225 2086 scele-
1306 2084 1309 2089 ,

180 2141 263 2186 rum
271 2113 497 2202 qualicunque
504 2113 544 2176 de
558 2132 672 2176 caussa
685 2112 906 2201 adprobatio?
921 2117 994 2185 Etsi
1007 2123 1097 2186 enim
1109 2123 1225 2207 video,

182 2220 277 2289 unde
296 2213 378 2282 huic
398 2215 474 2287 loco
491 2211 718 2278 defen-sionem
731 2225 846 2299 petere
859 2218 988 2291 Lucani
1004 2222 1227 2297 admiratores

180 2323 320 2418 possint,
342 2330 460 2383 tamen
471 2328 506 2382 et
519 2317 658 2381 inanem
675 2315 771 2381 illam
785 2306 854 2382 esse
865 2317 1024 2415 intelligo,
1045 2336 1227 2410 propterea

181 2425 276 2515 quod
300 2422 466 2487 scelerum
489 2416 726 2502 cogitationem
755 2419 940 2488 virbonus
961 2424 1127 2493 bonorum
1148 2425 1230 2493 inde

178 2528 415 2624 profectorum
434 2520 667 2606 magnitudine
691 2523 830 2610 quidem
852 2525 969 2608 solari,
992 2528 1047 2592 sed
1069 2529 1129 2595 illa
1141 2553 1229 2618 pro-

181 2637 265 2704 bare
279 2634 357 2696 'non
378 2626 483 2711 magis
503 2626 625 2714 possit,
649 2647 752 2710 quam
768 2624 884 2693 eadem
900 2620 974 2716 ipse
986 2630 1129 2699 similem
1142 2655 1231 2721 pro·-
1250 2667 1252 2671 ¹

146 2797 158 2807 .
181 2751 259 2830 pter
278 2751 429 2800 caussam
447 2738 593 2816 patrare.
638 2729 804 2795 Carminis
820 2730 955 2817 quidem
973 2733 1057 2821 opici
1072 2735 1231 2820 gravitas,

181 2865 260 2912 meo
274 2847 364 2904 certe
384 2853 484 2896 sensu
515 2831 724 2919 judicioque,
756 2829 992 2916 hujuscemodi
1028 2837 1231 2905 sententiam
1273 2866 1276 2872 ·

110 2932 114 2941 s
153 2956 323 3018 'omnem
343 2931 484 3023 respuit.
526 2935 638 3022 Major
660 2937 717 3000 vel
736 2931 835 3003 inhia
852 2940 998 3019 quoquo,
1020 2928 1102 3003 duni
1115 2925 1234 3007 tamen*

184 3045 306 3116 modus
321 3037 441 3123 aliquis
454 3046 620 3115 servetur,
644 3049 694 3101 est
708 3033 842 3102 licentia
853 3035 889 3101 in
902 3030 1093 3107 'carminum
1106 3065 1232 3131 genere
1281 3064 1284 3068 ·

182 3149 245 3216 illo
265 3139 393 3210 ludicro
415 3149 473 3202 aut
493 3135 632 3219 leviori,
654 3137 848 3225 inquibus,
873 3143 1007 3226 quaein
1030 3146 1088 3211 illo
1104 3149 1234 3219 atrocia
1329 3217 1332 3221 ,

185 3249 398 3325 viderentur,
413 3259 659 3335 nonnunquam
671 3254 812 3330 possunt
825 3243 881 3309 vel
896 3226 1115 3313 exiusa1·ivel
1129 3249 1233 3326 etiarn

185 3355 331 3443 placere.
363 3346 466 3433 Cujus
480 3341 529 3409 rei
543 3356 723 3424 causatum
735 3357 831 3436 puto,
847 3349 932 3415 haec
948 3364 1006 3430 est,
1022 3351 1114 3436 quod
1128 3361 1232 3438 poeta
1314 3410 1317 3415 .

186 3456 226 3520 in
238 3453 313 3518 loco
327 3443 504 3532 desipiens,
518 3442 690 3510 interdum
705 3470 743 3513 ea
759 3442 869 3515 dioere
886 3452 997 3518 videri
1010 3451 1122 3542 possit,
1145 3474 1232 3538 quae

132 3598 135 3603 ·
155 3615 161 3624 Ἀ
188 3576 260 3623 non
274 3549 433 3617 videatur
445 3546 608 3613 facturus.
630 3549 747 3634 Itaque
762 3574 902 3617 menon
917 3554 1100 3621 'offendunt
1113 3569 1233 3641 poetae
1309 3580 1314 3587 ·

116 3708 120 3719 ,
139 3719 146 3728 a.
187 3654 360 3745 cujusdam
377 3649 541 3716 Germani
552 3672 682 3734 versus,
699 3652 831 3738 quibus,
853 3652 981 3720 Horatii
995 3659 1109 3722 Donec
1122 3670 1235 3743 gratus

189 3781 302 3839 eram,
330 3753 501 3839 imitatus,
530 3753 685 3844 Phyllida
711 3756 842 3832 inducit
867 3759 1059 3850 istomodo
1089 3761 1233 3851 laqueu-

110 3890 115 3896 ·
188 3872 280 3931 tem:
296 3860 332 3942 *)
1119 3897 1128 3905 ·
1220 3913 1224 3919 -

132 4030 135 4035 ·
191 4020 403 4043 Μ
490 4042 493 4051 Ι

192 4204 195 4209 ¹
224 4121 254 4190 ⁴⁸)
270 4115 408 4192 Lyritche
418 4117 608 4181 munaum.
625 4124 676 4188 Vl.
691 4118 787 4187 Buolr't
