2708 4636
515 353 839 423 -165—

144 546 179 600 ot
198 524 352 599 verbum
370 525 546 595 amisisset
568 520 718 592 cubatio
733 523 868 592 mendo.
911 526 977 598 Pro
991 529 1196 620 quoBuhie-

138 637 220 724 rius
234 638 362 722 legens,
385 635 442 700 vel
456 629 594 697 omnino
609 651 678 694 non
691 627 849 710 vidisset,
872 635 928 696 rel
942 636 1079 710 omnino
1089 655 1194 704 ωηο.-
1273 684 1280 690 ,
1309 687 1318 703 „

145 741 273 818 eitaet,
298 757 440 825 operam
453 729 533 799 eane
547 732 636 796 lusit.
681 730 767 796 Mihi
783 756 865 797 vero
883 735 931 799 ita
944 736 1123 822 legendum
1138 742 1195 808 vi.

143 842 263 908 deturt
294 839 403 904 talem
423 832 582 902 eveniam
604 834 742 900 omnino
763 835 1048 906 nonantulam
1081 844 1201 923 Parti·¹

129 945 220 1023 ‚cula
243 965 371 1030 negans
386 940 483 1004 facile
503 938 655 1003 absumta
677 935 744 1002 suit
758 949 932 1023 postrema
949 942 1077 1026 syllaba
1092 949 1194 1031 vocis,

145 1046 296 1115 omnino.
328 1040 568 1119 Emendationi
581 1053 715 1105 nostrae
729 1037 844 1130 lavere
860 1042 994 1108 videtur
1010 1045 1101 1109 loeus
1115 1048 1195 1115 huie

144 1148 316 1276 geminus,
341 1146 382 1210 de
400 1145 502 1209 divin
520 1144 560 1208 ll.
578 1165 609 1229 9.
633 1143 731 1228 Quae
747 1165 840 1207 emm
852 1143 926 1208 vita
930 1141 1068 1232 fureret
1087 1148 1196 1215 Pria·
1262 1139 1263 1142 ¹

76 1275 84 1291 ⁹
145 1254 216 1332 me,
240 1275 271 1315 ιι
266 1248 330 1314 ab
350 1245 593 1315 adolescentia
601 1249 736 1352 arietet,
759 1268 843 1336 quos
856 1259 996 1314 eventus
1010 1253 1196 1320 senectutis
1217 1276 1220 1281 ·
1256 1258 1259 1263 ’

121 1374 124 1379 ’
148 1369 239 1422 esset
253 1351 462 1421 habiturus?

234 1476 318 1543 Eod.
343 1469 508 1539 Coronati
528 1466 762 1556 Neapolitani
768 1466 936 1560 filerunt·
957 1461 1124 1538 nimirum
1142 1485 1197 1541 et·

146 1580 222 1646 iam
237 1575 446 1644 Puteolani.
465 1598 511 1640 vu
513 1574 571 1663 lgo
592 1595 634 1636 ex
650 1557 787 1658 oppidis
800 1568 905 1660 publ
892 1598 943 1639 zoe
959 1581 1069 1667 gratu
1071 1578 1198 1646 ῖ-ιιιιιιιι

146 1696 214 1750 tur.
256 1681 425 1769 Ineptum'
435 1700 518 1742 eane
522 1675 647 1765 negot
653 1695 732 1752 um,
758 1685 793 1739 et
806 1672 963 1743 Graeeul
948 1679 1040 1760 lum3
1031 1681 1125 1745 ·eed
1139 1694 1198 1748 te·

146 1773 228 1853 men
241 1781 321 1873 fort
322 1772 491 1863 uratum]
521 1778 643 1845 Nescio
661 1779 831 1859 quomodo
854 1779 1006 1868 displicet
1017 1806 1106 1873 nego
1109 1784 1198 1850 tium

137 1886 382 1978 fortunatam,
420 1883 521 1972 Quod
541 1894 580 1946 ut
600 1880 731 1946 facilem
755 1879 1274 1969 haoeat1ntetteetumu-·

146 2011 228 2056 men
242 2009 312 2051 non
324 1985 428 2070 magis
442 1981 573 2048 dicendi
585 1981 780 2067 magistrum
795 1984 926 2049 referre
937 1986 1199 2075 videtu1·‚quam

149 2083 245 2169 eum,
269 2087 328 2176 qui
353 2085 456 2149 verba
479 2083 667 2149 sententiae
687 2085 994 2171 quomodocunque
1019 2093 1199 2176 aptaverit.
1275 2110 1280 2121 ⁸

148 2193 266 2277 Itaque
281 2186 494 2254 recidendam
517 2196 597 2273 puto
613 2183 769 2249 ultimam
786 2207 915 2263 vocem,
939 2191 1200 2279 sermonemque

148 2295 197 2364 ita
213 2291 417 2373 finiendam:
445 2289 600 2376 ineptum
622 2309 705 2352 sane
721 2285 901 2378 negotium
916 2297 951 2351 et
964 2287 1200 2375 Graeculum

149 2394 212 2471 aed
233 2397 375 2461 tamen!
403 2391 509 2457 Unde
528 2402 686 2460 nascatur
701 2389 900 2480 aposiopesis
924 2392 1050 2480 oppido
1064 2397 1200 2487 elegans

152 2509 187 2563 et
201 2495 341 2576 efficax,
363 2507 403 2561 ut
427 2517 503 2558 cum
520 2492 730 2581 Francogalli
747 2494 875 2559 dicunt:
897 2496 988 2560 maie
1006 2495 1123 2585 enfin!
1144 2499 1201 2567 Sic

131 2614 265 2685 ,noster
288 2600 329 2665 de
344 2610 413 2663 nat.
429 2597 521 2663 deor.
535 2595 560 2663 Ι.
579 2596 629 2663 53.
651 2597 777 2665 Istisne
792 2595 949 2686 fidentes
970 2602 1112 2667 eornniia
1131 2625 1202 2669 non

150 2703 252 2771 modo
268 2702 457 2790 Epicurus,
476 2713 510 2765 et
526 2700 766 2779 Metrodoron,
791 2714 826 2765 et
836 2699 1060 2769 Hermaeliua
1078 2699 1203 2773 eontra
1321 2761 1323 2773 .

149 2805 417 2894 Pythagoram,
447 2802 655 2881 Platonem,
685 2802 1000 2892 Empedoclemque
1024 2806 1201 2890 dixerunt,
1270 2798 1272 2803 ¹

151 2907 216 2974 aed
227 2903 451 2970 meretricula
463 2904 572 2968 etiam
586 2900 775 2967 Leontium
790 2915 911 2969 eontra
924 2904 1204 2992 Theophrastum

84 3044 93 3056 ·
151 3009 303 3078 seribere
320 3028 407 3098 ausa
423 3005 496 3101 eitl
523 3001 617 3069 Seite
633 3002 700 3068 illa
720 3002 860 3093 quidem
881 3030 1039 3097 sermone
1055 3021 1090 3074 et
1103 3010 1204 3078 Atti-

153 3140 213 3193 ca,
236 3111 300 3176 aed
314 3112 455 3175 tamen!

237 3252 388 3323 xxxvi.
427 3248 497 3316 Sed
519 3275 562 3318 ne
584 3251 682 3320 vivus
705 3251 845 3344 quidem
869 3254 954 3322 bono
972 3270 1087 3340 earet,
1111 3252 1206 3328 si'eo
1276 3340 1280 3345 Ι

155 3383 223 3424 non
240 3361 395 3450 instiget.-
415 3355 481 3420 aed
493 3356 529 3420 in
543 3356 621 3423 vivo
640 3348 757 3423 tamen
770 3358 927 3448 intelligi
939 3371 1053 3445 potest
1059 3410 1071 3440 ,
1095 3384 1205 3455 regno
1257 3406 1262 3414 -
1319 3420 1327 3431 ,

157 3464 300 3544 carere]
333 3461 502 3527 Posterius
527 3455 608 3540 aed,
645 3458 861 3524 admodum
851 3461 1054 3535 inconcinne
1077 3463 1212 3552 repeti·
1274 3484 1277 3493 ι

111 3646 114 3651 .
157 3573 252 3640 turn,
288 3563 530 3631 eliminandum
560 3560 713 3644 ridetur,
749 3573 788 3626 ut
812 3584 858 3628 ex
885 3574 1059 3650 postrema
1079 3564 1208 3685 syllaba

155 3661 390 3756 praecedentis
409 3664 506 3731 verbi
522 3674 651 3730 natum.
1252 3657 1268 3668 ’

244 3805 315 3874 XL.
347 3805 615 3876 Contemnamus
646 3806 758 3898 igitur
786 3832 903 3877 omnes
930 3786 1106 3900 ineptiae]
1137 3817 1209 3884 Cur
1239 3824 1244 3830 '

160 3914 305 3980 omnes?
333 3913 453 3995 Immo,
476 3926 514 3978 ut
527 3924 625 4002 puto,
647 3911 703 3978 hio
718 3911 855 3977 nonnisi
869 3934 924 3978 eas
939 3913 1103 4003 intelligit,
1127 3941 1223 4004 quass

120 4038 122 4043 ’
157 4038 263 4105 supra
292 4013 381 4079 dixit
414 4016 495 4104 Cap.
522 4014 572 4105 59.
604 4013 822 4112 Pellantur
825 4036 909 4102 ergo
938 4016 1027 4081 istae
1057 4019 1211 4106 ineptiae
1272 4068 1274 4074 «

125 4187 140 4211 .-
153 4139 268 4245 paene
284 4117 412 4208 aniles,
435 4129 519 4189 ante
542 4131 678 4232 ternpus
693 4101 787 4187 ιιιοιι
800 4115 968 4186 miserum
983 4141 1067 4186 esse.
1098 4119 1214 4219 Qua·
1264 4137 1266 4141 ·

800 4217 874 4288 La
