2708 4636
53 3511 61 3540 Ι

536 335 857 416 ...ιδῃ-’.-

221 527 366 608 fertur
349 549 392 590 ru
407 545 481 588 arva
496 528 625 599 voians,
647 526 862 607 plausumque
876 519 1029 583 exterrita
1043 523 1165 605 pennis

223 619 294 677 Dat
308 629 396 675 tecto
410 613 593 711 ingentem.
620 631 698 672 mox
711 618 783 670 aere
797 614 885 690 lapsa
902 607 1014 690 quieto

223 699 347 762 Radit'
338 714 401 760 tter
416 696 596 781 liquidum,
616 694 734 758 celeria
749 715 857 778 neque
871 707 1044 754 conmovet
1061 698 1136 755 alas.

180 827 253 895 Hac
281 825 384 913 igitur
410 823 663 912 comparatione
692 819 878 886 absolutius
906 820 1090 906 quidquam
1115 841 1233 907 neque

124 1011 129 1021 .
179 927 268 994 mihi
288 927 404 1002 animo
423 927 553 1014 fingere
575 939 710 1013 1101111111
720 973 731 1003 ,
754 946 867 1009 neque
882 922 1146 1011 ipse-Virgilius,
1172 926 1236 1008 qui

178 1030 219 1096 in
234 1030 299 1094 hoc
310 1028 448 1119 quidem
467 1050 592 1115 genere
605 1050 760 1094 summus
774 1037 834 1105 est,
856 1025 1022 1111 scripsisse
1035 1025 1122 1088 mihi
1140 1039 1236 1091 certe

46 1207 52 1219 ,
129 1208 133 1214 Α
179 1130 326 1199 videtur.
369 1133 463 1201 Nihil
489 1131 620 1198 dulcius
642 1143 803 1195 estversn
823 1128 989 1192 secundo:
1019 1126 1105 1195 nihil
1123 1149 1238 1219 neque

147 1259 150 1263 ¹
179 1232 306 1334 verius,
327 1256 439 1322 neque
451 1234 559 1322 magia
574 1233 618 1299 ad
631 1246 789 1300 naturam
805 1230 951 1297 effictum
964 1232 1041 1312 11111,

151 1382 160 1390 ’
222 1394 268 1412 --
316 1396 361 1414 ·-·
402 1368 615 1449 plausumque
637 1363 791 1426 exterrita
811 1359 936 1445 pennia'

223 1449 295 1517 Dat
316 1462 406 1512 tecto
433 1451 610 1550 ingentem.

79 1570 281 1692 Quae
293 1573 437 1640 verba”
413 1598 455 1641 111
471 1575 609 1642 demum
629 1576 727 1644 valde
739 1575 932 1666 placebunt,
955 1573 1009 1661 qui
1024 1573 1142 1639 avium
1157 1598 1237 1640 ma

176 1677 294 1764 jorum
311 1679 459 1745 volatum
474 1679 658 1752 observant
670 1678 840 1749 attentius.
874 1677 971 1766 Quae
985 1676 1123 1760 quidem
1139 1676 1237 1745 subi-

100 1812 103 1817 *
179 1780 216 1843 10
239 1791 371 1845 terrore
402 1781 531 1849 excitae
555 1805 691 1872 semper
720 1780 955 1847 vehementius
978 1789 1135 1866 strepunt
1157 1779 1246 1860 alis,'

180 1892 255 1946 tum
269 1883 518 1950 accelerandae
527 1885 628 1974 fugae
646 1907 778 1965 caussa,
802 1895 877 1948 tum
900 1881 978 1969 quia
992 1881 1162 1945 molestior
1178 1890 1231 1943 est

154 1981 331 2066 volatus,
367 1998 547 2076 antequam
570 1988 723 2078 pleniore
745 1988 823 2053 aere
845 1984 1085 2051 sustineantur.
1141 1982 1231 2050 Haeo

97 2130 99 2137 ¹
142 2099 296 2183 &utem
309 2089 345 2154 in
360 2114 397 2157 ae
409 2113 491 2157 vera
504 2090 689 2179 pulcraque
703 2101 870 2178 augentur
886 2086 999 2152 addito
1016 2097 1131 2164 antro,
1144 2083 1236 2171 quod

106 2191 109 2207 '
179 2191 323 2282 strepitu
346 2217 508 2262 assonare
529 2193 624 2260 velut
640 2194 808 2264 audimus.
851 2187 1016 2260 Eximius
1024 2187 1173 2273 denique
1187 2199 1238 2259 est

178 2317 295 2362 versus
315 2296 387 2365 illa:

222 2423 323 2486 Radit
336 2425 400 2489 iter
412 2424 594 2510 liquidum,
619 2424 732 2486 celeris
748 2442 855 2506 neque
872 2432 1045 2483 conmovet
1069 2420 1147 2493 alas,
1186 2479 1192 2487 ,

179 2549 248 2615 aive
269 2550 453 2616 verborum
479 2550 642 2617 dilectum
664 2561 815 2635 spectes,
843 2571 911 2634 quo
933 2544 1119 2634 praecipue
1139 2565 1238 2608 com·

177 2650 361 2719 mendosus
384 2650 496 2737 prima
516 2674 602 2731 vox,
632 2653 786 2718 volatum
806 2651 918 2718 lenem
942 2660 975 2712 ot
996 2647 1238 2732 tranquillum,

163 2751 405 2847 ¹aineelarum
434 2753 615 2841 agitatione
639 2751 797 2843 pingens,
841 2753 911 2820 1110
931 2772 1092 2817 numeros
1117 2772 1238 2816 versus

178 2855 337 2948 expedita
350 2855 548 2924 celeritate'
537 2881 651 2947 ipsum
666 2857 755 2927 hoc
745 2856 878 2926 imitati.

262 2959 695 3080 NuncigiturMnestheum
704 2961 857 3029 videmus
873 2959 1071 3044 etSergesto
1087 2955 1238 3022 aodein'-

109 3020 221 3128 de
239 3062 314 3149 Gya
333 3072 521 3152 superato,'‚
536 3063 649 3151 ipsum
672 3065 740 3149 jam
764 3076 878 3153 petere
894 3060 1119 3138 Cloanthum
1143 3069 1238 3121 tanta

177 3185 296 3232 rerum
310 3167 533 3235 conversione
548 3167 647 3248 saeta,
668 3168 787 3252 utqui,
809 3167 869 3231 ubi
883 3187 987 3231 naves
1004 3162 1147 3241 exirent,
1161 3183 1238 3225 mo-

74 3286 87 3359 ss
178 3266 224 3331 do
249 3268 407 3351 tertium,
435 3256 537 3336 modo
560 3270 662 3344 etiam
686 3267 900 3356 postremum
922 3269 1036 3333 locum
1059 3265 1237 3346 tenuisset,
1276 3304 1281 3314 ι

177 3371 247 3458 jam
263 3369 305 3434 ab
320 3371 393 3458 ipsa
405 3373 521 3459 palma
534 3396 638 3460 quam
654 3372 813 3465 proxime
829 3371 935 3437 absita
976 3421 980 3430 ,

211 3502 307 3561 ¹'I'um
322 3520 400 3562 vero
418 3500 599 3584 ingeminat
615 3505 746 3577 clamor,
771 3502 948 3582 cunctique
966 3511 1157 3581 sequentem
1192 3518 1195 3523 ·

146 3644 150 3659 ,
220 3585 385 3671 Instigant
399 3585 534 3669 studiis,
558 3602 755 3670 resonatque
771 3584 1102 3672 fragoribuaqsether.

107 3703 110 3716 ¹
176 3709 271 3779 Inter
291 3712 353 3777 1101
370 3734 451 3778 vero
466 3735 546 3778 curu
566 3737 702 3782 summa
725 3712 941 3781 contentione
952 3705 1159 3788 certaretur,
1184 3719 1238 3773 at·

179 3824 402 3900 quenterque
426 3815 549 3903 dignus
562 3817 677 3906 palma
695 3816 888 3895 videretur,
911 3811 1049 3878 tandem
1073 3823 1175 3898 poeta
1192 3831 1237 3875 ex

177 3926 330 3983 veterum
362 3940 458 3984 more
487 3927 594 4006 atque'
618 3920 782 4006 religione
812 3918 855 3986 ad
885 3939 961 3982 rem
990 3913 1238 4003 expediendam
1267 3999 1271 4011 ἱ

178 4040 261 4084 usus
281 4030 330 4082 est
352 4018 407 4084 dei
424 4021 630 4101 ministerio,
654 4024 712 4110 qui
733 4023 867 4110 quidem
893 4020 966 4109 ipse
982 4043 1088 4086 manu
1105 4026 1241 4106 stangno
1270 4014 1273 4022 “

139 4220 142 4235 Ι
176 4120 494 4213 (quantaimagod)
516 4123 977 4219 Cleanthinavimimpellit.
1022 4124 1113 4188 'Pom
1131 4120 1219 4185 haec
