2708 4636
534 343 856 412 ....,.....

172 502 269 593 Quos
285 520 348 588 ego
360 519 475 563 versus
489 493 653 567 Voltaerii
667 516 738 592 esse
751 494 812 560 rix
826 495 983 586 cuiquam
999 497 1217 583 crediderim,

105 650 107 657 ‹
170 606 237 674 uisi
259 616 293 672 et
312 603 419 690 gentis
435 623 518 667 suae
538 599 677 678 criticis,
699 597 831 663 ethaeo
844 599 916 689 ipsa
931 595 1028 667 velut
1042 602 1216 692 ingeniosa

127 732 131 751 ·
168 704 399 777 laudantibus.
413 700 443 787 *)
472 701 594 770 Adeo
583 723 621 765 ιιι
635 698 701 765 illis
720 721 792 764 non
806 722 947 766 acumen
964 706 1078 788 modo,
1092 730 1213 787 verum

167 823 205 877 et
220 805 388 927 judicium
402 824 504 868 omne
517 800 682 870 desidero.
703 800 834 889 Nempe
848 801 925 887 quid
943 803 1047 871 dicit?
1085 807 1139 873 Tu
1156 813 1217 902 qui

157 937 193 1006 ,ς
194 909 361 979 larissam
380 904 525 999 fecisti,
549 900 639 993 ipsse,
665 928 695 969 sa
690 899 820 969 modo
843 901 948 993 velis,
974 928 1045 971 esse
1063 921 1129 998 pot
1130 914 1209 980 eris.

165 1017 308 1084 Fecerat
321 1019 437 1076 autem
450 1002 654 1077 Detuschius
670 1002 841 1082 sabulum,
864 1003 920 1071 cui
935 1005 1138 1096 inscriptum
1158 1028 1208 1082 eat

163 1137 297 1185 nomen
311 1111 473 1178 Gloriosi.
516 1113 556 1179 ln
568 1133 637 1198 qua
658 1132 743 1176 voce
756 1109 875 1174 ludens
895 1106 1087 1176 Voltaerius
1107 1117 1211 1183 modo

161 1216 384 1309 iactatorem,
411 1213 512 1279 modo
536 1211 643 1299 gloria
670 1212 830 1297 famaque
848 1209 1020 1298 inclytum
1044 1211 1212 1304 intelligit.

154 1323 288 1411 Quae,
311 1316 385 1404 quis
399 1328 533 1383 cattam
558 1310 739 1404 imperitus
757 1323 817 1379 aut
832 1309 989 1400 simplex,
1012 1323 1052 1378 ut
1064 1313 1157 1382 inter
1176 1343 1212 1384 se

161 1423 272 1514 possit
295 1416 528 1486 confundere?
556 1418 680 1484 Omnis
701 1424 816 1482 autem
844 1415 938 1480 lusus
959 1413 1149 1484 verborum
1172 1440 1212 1487 eo

160 1524 313 1615 ineptior
336 1535 401 1604 est,
437 1544 504 1608 quo
532 1520 637 1606 magis
669 1515 870 1602 faciliusque
897 1516 1027 1584 falsitas
1055 1520 1208 1608 patescit.

159 1630 276 1715 Atque
305 1620 362 1692 hio
390 1622 527 1711 quidem
549 1620 713 1706 quamsit
737 1617 874 1697 inanis,
904 1630 980 1686 tum
1005 1618 1211 1712 intelligetur

157 1729 331 1810 maxime,
371 1719 400 1791 si
427 1724 557 1796 isthaec
585 1745 664 1790 cum
694 1717 928 1811 superioribus
953 1728 1208 1797 contendamus.

159 1833 254 1900 Tum
286 1829 451 1895 nimirum
480 1827 713 1918 reperiemus.
750 1823 922 1893 Graecum
948 1819 1100 1916 priorem
1123 1847 1209 1902 vera
1242 1870 1266 1909 ,ι

159 1934 286 1999 dixisse
304 1928 378 1993 falsi
392 1929 538 2015 speciem
552 1927 720 2009 habentia,
728 1929 875 1996 alterum
891 1929 974 1997 falsa
988 1932 1138 2019 quidem,
1148 1940 1209 2005 sed

161 2055 251 2119 quae
269 2029 441 2118 paulisper
462 2037 553 2089 certe
567 2050 651 2092 vera
666 2028 856 2108 videantur.
870 2056 948 2098 cum
965 2035 1057 2116 haec,
1073 2049 1113 2102 ut
1125 2049 1207 2104 sunt

128 2206 130 2211 ,
160 2133 257 2214 falsa,
276 2128 388 2194 statim
401 2127 598 2213 adpareant.
640 2128 684 2193 Et
698 2138 792 2192 tanto
812 2125 946 2210 melius,
968 2134 1092 2219 hercle,
1116 2142 1207 2226 quod

160 2233 339 2320 adparent.
356 2227 485 2294 Namsr
497 2248 566 2293 vox
575 2221 726 2319 gloriosi
738 2227 792 2292 vel
804 2225 993 2316 tantisper
982 2256 1019 2298 m
1033 2246 1206 2321 postremo
1220 2293 1227 2301 .

156 2358 263 2401 versu
285 2331 402 2397 eodem
426 2352 528 2398 sensu
553 2352 620 2416 quo
643 2330 680 2394 in
701 2324 808 2415 priori
829 2331 938 2417 posita
958 2331 1069 2399 videri
1083 2342 1205 2425 posset,

144 2433 363 2508 Detuschius
383 2423 616 2515 hujuscemodi
631 2432 784 2516 laudem,
800 2438 949 2523 utputo,
972 2436 1207 2530 maximopere

157 2543 412 2629 deprecaretur.
436 2532 603 2626 Quod
575 2559 604 2600 ιι
617 2557 722 2650 pouq
738 2535 884 2601 velimus
899 2536 1048 2605 Graeci
1037 2562 1073 2604 ιιι
1089 2542 1205 2609 Vene

143 2644 233 2712 'rem
256 2630 507 2729 epigrammatis
528 2632 781 2725 comparatione
801 2634 981 2726 dispicere,
1005 2642 1093 2706 unde
1120 2642 1204 2716 haec

153 2747 266 2831 major
290 2754 324 2807 et
349 2734 635 2828 apertiorfalsitas
652 2751 732 2805 nata
747 2738 861 2823 fuerit,
883 2736 1075 2810 videbimus
1091 2740 1204 2815 Grae-

156 2871 237 2914 cum
250 2867 305 2911 res
318 2843 432 2908 forma
445 2833 583 2928 quidem
600 2838 759 2923 diversas,
776 2844 834 2908 sed
847 2856 963 2910 tamen
976 2858 1101 2933 genere
1116 2864 1203 2916 cort

149 2945 290 3036 ¹junmas
314 2956 533 3032 permutasse,
561 2932 742 3007 victoriam
766 2953 848 3029 puto
869 2962 1045 3011 armotiam
1067 2960 1101 3013 et
1120 2946 1203 3040 pul·-

156 3041 373 3121 claritudinis,
397 3069 473 3111 cum
488 3045 525 3108 in
540 3043 607 3108 hoe
622 3046 738 3109 nostro
751 3036 887 3128 jactatio
902 3059 936 3112 at
925 3065 1001 3137 que
1013 3039 1119 3137 gloria
1133 3069 1202 3124 non

154 3151 270 3218 forma
288 3149 401 3230 modo,
423 3142 599 3212 sedetiam
617 3167 741 3232 genere
754 3138 957 3264 discrepent,
980 3168 1091 3238 neque
1106 3174 1202 3252 coqn-

154 3249 253 3319 muni
280 3250 425 3337 quodam
454 3247 594 3314 nomine
623 3238 751 3335 possint
779 3248 947 3334 conjungi
998 3248 1065 3319 Sed
1089 3270 1202 3344 neque
1252 3335 1255 3343 1

158 3351 287 3421 isthaec
303 3364 355 3421 est
366 3343 616 3434 ambiguitatis
605 3360 643 3413 ιιι
656 3346 708 3412 his
723 3348 873 3417 versibus
886 3351 1066 3441 turpitudo
1077 3361 1199 3431 omnis.

154 3448 317 3520 Numina

183 3594 185 3599 ’
293 3628 296 3633 .
320 3575 410 3640 Vuus
427 3572 483 3657 qui
500 3572 580 3633 fites
596 3569 627 3632 le
648 3562 818 3650 Gloriemt,

152 3687 328 3776 duplicem
346 3708 482 3759 sensum
505 3688 632 3754 habere
657 3710 729 3755 non
747 3681 851 3757 modo
873 3706 1033 3782 possunt,
1061 3689 1200 3769 sedvel

149 3792 297 3872 debent,
318 3794 345 3859 si
359 3793 502 3862 velimus
529 3801 650 3880 poetae
671 3790 842 3860 rationem
869 3816 987 3864 eorum
1008 3819 1095 3884 quae
1116 3798 1205 3871 dicis

83 3902 86 3922 l
150 3927 365 3953 W

132 4010 136 4015 '
180 4005 207 4069 θ)
228 4000 430 4057 Dictionnaire
449 3998 584 4055 litte‘raire
607 4000 710 4056 extruit
727 4001 775 4060 des
792 3997 938 4065 meilleurs
951 4021 1063 4067 auteurs
1082 3990 1199 4072 inslsae

207 4103 247 4177 ¹et
259 4087 419 4145 medentes.
436 4083 557 4165 tLiega
579 4089 656 4161 1768.
674 4084 760 4149 ram.
778 4092 801 4148 1.
818 4110 848 4171 pa
861 4103 946 4249 434.B

681 4196 687 4217 “·
759 4189 762 4195 ’
898 4184 901 4188 Δ
969 4198 990 4251 2
