2708 4636
525 316 869 404 anu-'570-

174 486 271 564 Idem
290 416 383 562 libro
396 492 538 582 septimo
554 489 699 583 ineptius
713 490 825 558 adhue
838 484 944 559 lusit
931 516 969 561 ιιι
983 494 1097 587 lingua
1109 434 1229 578 Pluto-²

138 597 587 673 ·-.1nelaeaTereoexcisa=
656 695 659 703 Ι
820 619 823 633 ¹

341 803 385 822 -
406 803 450 819 -
469 802 515 825 -
537 745 750 872 compressam
766 730 893 870 forcipe
907 773 1050 870 linguam

216 855 364 920 Abstulit
380 876 456 927 ense
468 855 558 917 fero:
581 856 672 917 radix
688 857 786 920 micat
801 857 914 918 ultima
929 857 1080 943 linguae,

216 944 314 1023 Ipsa?
295 958 402 1041 pacet,
425 955 594 1024 terraeque
610 956 749 1005 tremens
760 940 982 1012 immurmurat
998 957 1094 1004 atrae.

214 1027 329 1110 thue
342 1026 437 1094 salire
451 1030 533 1086 solet
549 1027 714 1089 mutilatae
728 1025 829 1089 cauda
846 1025 1008 1125 polubrum

214 1109 361 1196 Palpitat
378 1126 411 1172 et
426 1111 565 1173 moriens
580 1111 729 1183 dominae
744 1112 883 1198 vestigia
902 1111 1040 1197 quaerit.

172 1283 275 1377 Quae
305 1281 419 1351 omnia
446 1280 526 1354 tallia
551 1295 646 1362 aunt,
681 1294 721 1348 ut
758 1281 960 1371 exponenda
986 1281 1090 1348 modo
1115 1304 1228 1371 neque

171 1385 374 1453 excutienda
394 1386 584 1462 videantur.
633 1387 857 1466 Tantaenim
878 1385 915 1451 in
934 1383 1000 1456 illis
1018 1397 1067 1452 est
1086 1396 1228 1471 tamque
1346 1422 1351 1433 ι

171 1489 313 1578 puerilis
332 1489 463 1577 levitas,
485 1492 598 1578 utqui
621 1491 710 1557 hano
730 1511 792 1556 sun
815 1500 935 1577 sponte
948 1510 1020 1555 non
1033 1485 1167 1571 sentiat,
1187 1488 1229 1555 in

170 1615 214 1664 ep
233 1615 371 1682 quoque
385 1594 495 1661 omnis
509 1593 695 1666 admonitio
706 1590 803 1664 inita
815 1591 858 1661 sit
871 1589 1000 1665 futura.
1021 1588 1023 1593 ’

193 1752 199 1759 ·
256 1733 373 1804 Restat
395 1741 515 1818 quarta
535 1729 656 1813 classis,
678 1734 979 1817 eorum‚,quorum
999 1725 1227 1818 reprehendi-

117 1882 123 1897 .
169 1842 231 1898 tur
254 1832 402 1898 dilectus.
444 1835 564 1919 ‘Itaque
588 1838 711 1922 poetae
731 1845 783 1900 est
802 1856 873 1912 non
890 1834 1000 1910 solum
1022 1831 1124 1912 scire,
1154 1833 1225 1918 quo

171 1935 278 1999 modo
299 1956 352 1996 res
374 1952 527 2019 quaeque
552 1949 644 2003 recte
664 1939 815 2021 dicatur,
836 1958 960 2005 verum
983 1934 1087 2001 etiam
1099 1929 1229 1998 intelli·
1250 1967 1251 1971 =
1289 1964 1290 1969 ¹

151 2061 155 2064 ·
177 2055 271 2120 gere,
294 2034 377 2116 quid
392 2034 458 2097 diei
468 2035 579 2102 minus
599 2031 754 2123 oporteat
768 2052 802 2104 et
814 2059 839 2104 ι
853 2037 975 2122 quibus
991 2037 1093 2106 rebus
1105 2036 1229 2101 melius
1297 2088 1310 2101 .

176 2133 401 2203 abstineatur
441 2132 530 2200 Sunt
550 2135 640 2200 enim
661 2138 825 2214 nonnulla
847 2138 919 2221 ejus
938 2150 1095 2220 naturae,
1116 2137 1235 2204 utvel³

122 2304 125 2309 ,
175 2230 380 2301 ιιιιιιιιιιιιιι
407 2255 547 2323 poeseos
574 2236 677 2323 plane
707 2232 892 2326 refugiant,
930 2239 986 2302 vel
1011 2239 1231 2324 quantumvis

172 2346 294 2401 ornata
308 2332 487 2403 doctorum
498 2349 625 2403 tamen
629 2348 731 2426 atque
743 2331 1005 2421 intelligentium
1021 2338 1229 2405 existimato·

171 2463 253 2507 rum
282 2439 422 2514 auribus
452 2439 683 2514 commendari
710 2438 804 2516 nullo
834 2440 938 2507 modo
966 2440 1109 2530 possint.
1151 2441 1240 2508 Non·

171 2543 241 2626 jam
269 2540 328 2608 illa
349 2540 442 2626 dico,
471 2565 562 2631 quae
579 2562 643 2630 per
664 2563 712 2607 se
718 2539 884 2625 humilia,
915 2543 1069 2626 sordida,
1098 2545 1231 2632 abjecta

148 2658 151 2672 '
172 2648 275 2735 atque
286 2642 383 2713 infra
400 2656 540 2734 poeseos
559 2643 757 2733 dignitatem
774 2657 854 2722 sunt
871 2647 1071 2714 constitutae
1104 2644 1230 2735 quibua
1292 2645 1295 2663 ¹

169 2745 330 2813 ninnib'us
353 2748 462 2822 aditus
485 2769 555 2835 non
575 2747 679 2817 modo
700 2748 743 2813 ad
767 2748 938 2818 luminum
964 2751 1039 2826 nim
1059 2749 1246 2816 annotio·'
1301 2782 1304 2787 ⁴

170 2847 274 2932 nem.
308 2849 366 2914 sed
392 2852 531 2925 omnino
562 2849 604 2923 ad
632 2849 749 2938 poesin
768 2849 1008 2938 praecluditur.
1054 2851 1120 2926 Sed
1148 2859 1230 2916 sunt

168 2951 338 3020 nimirum
371 2954 538 3038 quaedam
560 2952 598 3018 in
616 2973 660 3015 -se
685 2952 764 3016 licet
789 2948 1037 3038 pulcherrima,
1077 2972 1229 3040 qnorum

173 3067 289 3120 tamen
314 3052 605 3142 pulchritudinem
627 3051 722 3131 nulla
742 3065 865 3141 poetae
885 3077 939 3120 ιιι
961 3053 1090 3128 imitari
1110 3050 1243 3143 possit.
1314 3068 1318 3073 '

174 3151 451 3248 Qunpertinent
469 3154 626 3241 inprimis
653 3177 772 3230 rerum
792 3156 1019 3243 quarumdam
1042 3179 1229 3247 corporea·

173 3280 253 3335 rum
284 3257 455 3346 oculisque
481 3257 711 3343 subjectarum
748 3257 1004 3346 descriptiones,
1040 3254 1228 3348 inquibus

174 3370 244 3431 tota
257 3373 372 3436 tamen
388 3359 526 3426 videtur
538 3358 647 3447 poesis
663 3381 815 3448 regnare.
842 3362 989 3451 Egregie
1003 3363 1096 3430 hune
1110 3363 1230 3428 locum
1293 3391 1302 3403 κ

173 3462 327 3530 tractavit
349 3462 536 3550 Lessingius
556 3458 595 3527 in
613 3459 673 3526 illo
695 3460 800 3547 libro,
831 3478 934 3549 quern
955 3467 1148 3532 Laocoonta
1169 3460 1229 3527 in-
1302 3462 1305 3473 '

173 3566 323 3654 scripsit,
345 3565 435 3631 etin
456 3587 525 3651 qno
545 3584 809 3654 omnopoeeeos
823 3577 925 3652 atque
940 3567 1094 3657 picturae
1105 3559 1232 3629 distri-i

172 3692 256 3736 men
278 3669 374 3734 docte
395 3668 649 3754 subtiliterque,
670 3678 710 3732 ut
722 3668 816 3750 solet,
838 3669 1007 3758 exposuit.
1049 3667 1101 3732 lbi
1116 3665 1228 3734 multa
1340 3684 1343 3689 ’

98 3803 101 3809 ·
173 3772 278 3840 tradit
299 3770 531 3851 neminianta
547 3793 582 3836 se
605 3770 713 3855 dicta,
735 3769 892 3859 quamvis
907 3770 949 3843 ab
964 3769 1106 3839 eummia
1119 3768 1228 3860 poetis
1294 3786 1296 3797 ·

175 3875 356 3962 diligenter
368 3874 550 3939 observata.
595 3872 694 3965 Quae
710 3872 770 3961 qui
779 3874 912 3960 plenius
926 3864 1229 3960 veliteognoscere,

176 3980 273 4046 adeat
293 3979 426 4068 ipsumz
448 3994 509 4042 nos
523 3975 616 4064 inde,
637 3973 804 4067 quantum
816 3978 893 4053 satis
906 3977 1087 4064 videbitur,
1109 3985 1228 4044 nostro

176 4082 301 4166 judicio
312 4076 518 4149 hauriemus.
