2708 4636
517 376 604 408 ⁶-—
646 371 707 442 29¹
740 367 862 427 ·‘--·‚

159 538 237 598 rum
259 515 449 594 auctoritati
465 514 681 612 *derdgatun
707 523 823 615 ltaque
838 510 981 614 spiritus
999 512 1131 605 divinus
1144 526 1196 621 his

158 628 370 698 admittendis
384 625 586 714 scriptorum
600 649 774 692 sacrorum
788 626 867 692 fidei
881 629 1054 695 consulere
1065 631 1194 714 voleus,
1225 669 1228 676 ·

155 757 251 800 suam
270 733 341 821 ipse
361 750 436 794 rem
455 730 641 814 neglexisse
663 728 849 795 censendus
870 740 930 795 est.
972 730 1089 820 Neque
1102 735 1194 806 enim
1217 752 1219 757 ·

107 868 116 876 ·
154 837 235 905 libri
266 832 407 916 alicujus
433 829 587 896 divinitas
616 832 807 898 declaratur
830 831 1000 898 humanae
1023 836 1193 904 soem-diae

155 952 217 1006 ιιι
233 931 470 1002 ‘imbannata
490 932 695 1015 imitatione,
717 931 775 996 aa
789 944 964 1000 contraex
977 956 1017 1000 eo
1031 941 1194 1029 insenga-
1218 912 1246 961 s

155 1052 230 1122 tur,
253 1038 282 1103 si
300 1035 455 1102 omnibus
469 1036 533 1102 illis
547 1047 639 1100 caret
652 1036 785 1114 naevis,
809 1059 891 1123 quos
907 1035 1056 1103 humana
1070 1044 1194 1110 soller-
1246 1076 1248 1083 ·

153 1145 204 1209 tia
219 1142 312 1206 nulla
328 1158 450 1202 cavere
462 1146 600 1226 potest„
625 1136 742 1220 Adde,
764 1138 855 1234 quod
870 1131 914 1203 n'e
928 1137 1097 1207 humanae
1112 1147 1194 1230 qui'.

111 1327 113 1332 ,
154 1246 232 1310 dem
254 1240 453 1337 scriptorum
476 1261 650 1305 sacrorum
670 1237 750 1304 fidei
773 1237 830 1304 hic
851 1238 932 1304 satis
945 1242 1192 1315 consulebatur.

152 1348 240 1417 Nam
264 1344 307 1410 ad
323 1344 411 1410 hano
424 1342 519 1432 penit
520 1365 559 1406 us
504 1341 804 1423 tstabiliendam
823 1341 955 1407 divinus
969 1345 1107 1433 spiritus
1121 1372 1193 1417 non

153 1448 256 1543 modo
277 1449 532 1529 ἕιαπιοφαιιιας
548 1426 723 1511 admittere
739 1443 902 1527 debebat,
924 1447 981 1512 sed
994 1469 1194 1536 verasque·
1288 1507 1293 1527 ,

154 1573 221 1638 que
239 1548 275 1615 in
291 1546 406 1654 parvis
420 1545 519 1638 rebus
535 1546 792 1660 repugnantias,
816 1495 969 1636 aquibus
985 1549 1118 1616 nullum
1134 1552 1193 1619 vel

152 1648 430 1740 praestantissimi
451 1628 624 1741 seripturis
644 1644 835 1733 humanum
857 1670 941 1736 opus
957 1649 1102 1723 liberum
1120 1676 1193 1720 esse

149 1754 368 1824 intendentes
386 1752 577 1841 peritosque
590 1749 719 1836 judices
735 1769 854 1814 omnes
863 1762 1003 1819 constat.
1044 1754 1082 1819 Id
1098 1757 1191 1843 quod

149 1868 246 1925 acute
267 1857 360 1932 vidit¹
374 1854 566 1938 Lessingins
591 1853 627 1917 in
648 1851 705 1918 illo
719 1853 824 1933 libro,
847 1873 913 1938 quo
929 1855 1191 1942 imperitumli·
1267 1909 1271 1917 .

146 1942 290 2020 brorum
314 1960 488 2019 sacrorum
507 1954 670 2047 adversus
670 1952 880 2047 fragment
866 1979 889 2018 ιι
852 1955 959 2028 tilla
975 1957 1068 2024 Guel
1053 1958 1191 2052 lferby·

148 2066 244 2123 tana
255 2036 423 2118 vindicem
445 2037 569 2117 acriter
588 2053 792 2138 perstrinxit
816 2040 895 2121 Vid.
915 2057 1024 2139 „Eine
1044 2062 1192 2151 Dupttk,

97 2232 99 2237 ‚
148 2157 446 2249 „Braunsohweig,
465 2152 564 2270 ‘1778
556 2173 653 2241 ..pag
674 2150 722 2216 18.
714 2175 830 2250 .seqq
839 2158 860 2194 ‘⁶

232 2237 388 2327 Tandem
416 2257 474 2347 qui
503 2277 603 2320 veras
630 2255 868 2342 repugnantias
889 2231 1048 2326 inlibris*
1064 2263 1190 2333 divinis
1259 2304 1263 2312 ·

145 2382 243 2454 posse
265 2364 379 2428 locum
399 2361 524 2427 habere
540 2367 683 2451 negant,
705 2357 747 2423 ad
770 2358 1066 2443 demonstrandam
1075 2365 1190 2436 libro·
1215 2406 1223 2435 t
1244 2443 1245 2446 Ἴ

144 2489 224 2533 rum
248 2485 422 2531 sacrorum
445 2461 660 2530 divinitatem
682 2461 772 2527 viam
796 2459 884 2526 sibi
872 2485 935 2553 rpsr
928 2463 1192 2551 praecludunt

145 2558 234 2633 Nam
250 2555 334 2632 illud
348 2566 495 2632 dicentes
514 2563 616 2630 simul
630 2562 843 2653 profitentur,
858 2589 894 2632 se
908 2569 1077 2652 librum,
1066 2593 1103 2635 m
1117 2596 1186 2661 quo

98 2662 103 2673 ’
144 2668 333 2735 istiusmodi
353 2660 599 2755 repugnantiae
624 2665 937 2754 deprehendantur,
973 2691 1037 2755 pro
1066 2671 1187 2742 divino

97 2798 98 2804 ¹
144 2770 269 2838 habere
283 2769 422 2834 omnino
437 2792 506 2834 non
520 2791 649 2857 posse.
671 2769 903 2856 Atquieorum
921 2770 1072 2857 quidem,
1094 2795 1186 2857 quo-

146 2885 226 2938 rum
253 2871 396 2962 aliqua
387 2895 423 2935 111
445 2870 497 2935 his
517 2869 621 2933 rebus
640 2869 821 2934 auctoritas
841 2881 906 2952 est,
929 2893 1030 2936 nemo
1045 2863 1225 2957 hoosibi„
1297 2914 1299 2918 ,

145 2973 325 3053 sumserit,
346 2983 387 3036 ιιι
406 2992 523 3036 omnes
536 2969 656 3038 codicis
672 2969 757 3035 sacri
771 2951 1020 3059 ἕιαιιιοφανιιαι
1035 2975 1136 3060 plane
1149 3000 1189 3045 se

144 3075 309 3166 entpedi're
327 3094 425 3164 posse
444 3071 620 3138 exi-stimet.
647 3071 764 3163 Quod
789 3074 940 3140 maxime
961 3062 1108 3143 declarat
1123 3102 1188 3147 eo-

143 3198 224 3247 rum
248 3176 429 3255 dissensus,
459 3171 517 3260 qui
537 3173 574 3238 in
596 3197 654 3259 re,
684 3196 774 3261 ‘qnae
794 3168 835 3241 ad
857 3176 1024 3263 liquidum
1043 3185 1187 3268 perduoi

144 3293 271 3370 potest,
292 3281 405 3346 locum
425 3299 495 3343 non
516 3275 628 3342 habet.
672 3276 876 3372 Plerumque
892 3277 998 3364 igitur
1012 3279 1187 3368 conjectu.

145 3381 193 3449 ris
214 3382 372 3463 utuntur,
394 3401 505 3467 neque
527 3391 618 3444 certa
642 3388 744 3465 atque
764 3381 937 3467 explorata
957 3381 1093 3467 dicunt,
1122 3389 1186 3454 sed

146 3504 187 3549 ea
208 3472 337 3576 tantum
359 3483 534 3565 adferunt,
557 3481 744 3570 quaeipsis
765 3481 902 3566 quidem
923 3484 1109 3578 probabilia
1126 3491 1187 3555 vi·
1223 3493 1230 3503 '

144 3585 284 3650 dentur.
329 3585 432 3675 Quod
455 3587 621 3652 Ernestus
634 3584 708 3673 ipse
721 3582 849 3649 fatetur
860 3583 896 3650 in
911 3598 1068 3670 extremo
1084 3590 1208 3680 hujus¹
1299 3622 1302 3627 ·

146 3678 265 3776 capitis
279 3687 309 3772 ξ.
324 3688 370 3752 ita
386 3689 551 3754 scribens:
575 3686 777 3769 „Caeterum
792 3683 884 3750 haud
899 3687 1096 3774 abnuerim,
1120 3682 1192 3760 ιιι-ἶ

145 3811 248 3876 „rum
271 3810 358 3871 esse,
380 3789 470 3877 quod
491 3785 814 3879 ,Pfaffiusjputabam
836 3787 896 3853 vix
917 3788 993 3856 fieri
1009 3814 1122 3880 posse,
1145 3810 1186 3865 ue

144 3891 263 3977 „verbi
285 3914 383 3957 causa
403 3891 588 3960 Harmonia
607 3888 811 3977 Evangelioa
839 3892 1006 3959 condatur
1028 3898 1199 3966 omnibns·
1226 3910 1229 3917 '
1288 3936 1290 3941 ·

147 3993 323 4078 „numeris
355 3993 513 4084 perfecta.
564 3990 772 4080 Conjecturis
804 3993 980 4063 interdum
1006 4001 1186 4091 utendum,

135 4110 246 4188 „tum
258 4096 295 4167 in
307 4096 489 4218 canonibus
502 4095 717 4186 harmonicis,
732 4095 859 4278 ιιιιιιιιι
870 4095 912 4168 ιιι
926 4099 970 4180 ad
982 4118 1246 4192 remquam·

842 4217 861 4267 a
