2708 4636
539 341 627 365 ιι·-
681 309 863 397 26.-·,-

177 489 385 576 imperatore
411 477 601 546 c'onveniet.
654 479 719 547 seu
744 483 803 547 vel
827 492 996 559 mutemus
1028 483 1123 570 signa
1143 506 1225 552 curn
1317 570 1325 580 Ι

168 590 296 668 rebus,
317 598 433 651 tamen
448 582 567 670 poetae
582 581 683 668 longe
698 588 825 664 majora
839 585 953 665 tribui,
967 608 1069 672 quam
1086 601 1225 673 oporte-

174 693 244 772 bat,
266 689 376 765 facile,
400 696 440 749 ut
454 683 585 772 opinor,
606 685 766 772 reperiat,
780 682 972 772 quicunque
986 700 1078 753 recte
1090 689 1222 772 judica-

174 795 236 861 bit.
279 789 375 880 Quid
395 786 511 852 entmt
531 785 773 871 imperatorem
794 789 961 874 proelium
982 811 1110 877 parare,
1133 815 1221 880 poe-

100 894 104 903 ’
174 909 249 961 tam
285 914 423 958 carmen
453 888 624 969 meditari,
662 891 919 975 tantumdemne
946 893 1223 965 aestimabimus?

168 998 240 1076 <llic
270 994 406 1083 quidem
434 992 625 1080 ingreditur
645 1013 729 1077 opus
753 993 976 1078 tranquillum
998 1008 1032 1060 et
1052 997 1217 1082 quietum,

170 1088 287 1184 ¹neque
301 1095 475 1186 permagni
491 1096 529 1169 in
542 1117 577 1159 se
592 1093 760 1163 momenti
780 1116 891 1177 neque
903 1095 1018 1161 labore
1032 1098 1218 1168 admodum

172 1199 318 1267 difficile.
361 1190 405 1263 At
422 1197 470 1263 ibi
493 1206 680 1283 quaesunt
700 1195 888 1279 molestiae,
911 1220 996 1282 quae
1008 1201 1217 1286 jactationes,

146 1325 150 1340 ·
174 1324 261 1388 quae
271 1299 430 1390 pericula,
446 1319 546 1383 quam
560 1297 691 1362 subitae
704 1317 819 1363 rerum
833 1301 1081 1391 conversiones,
1104 1326 1217 1389 quan-

171 1419 226 1472 tae
256 1399 537 1482 machinationes,
574 1422 660 1486 quae
685 1399 829 1486 denique
864 1403 1016 1488 corporis
1047 1406 1217 1492 animique

171 1505 316 1572 interitio
341 1515 440 1597 atque
464 1501 625 1589 agitatio?
646 1503 721 1590 Ipsa
744 1514 857 1567 autem
878 1504 1018 1572 victoria
1032 1508 1072 1573 ad
1086 1511 1216 1575 multo·

122 1624 126 1653 t
169 1632 252 1677 rum
263 1606 442 1673 hominum
456 1605 513 1670 vel
528 1605 749 1670 calamitatem
763 1606 820 1671 vel
831 1607 973 1672 salutem
985 1632 1212 1698 permagnum

87 1794 90 1801 ἱ
172 1735 262 1778 sane
273 1709 375 1776 habet
396 1720 626 1789 momentum,
658 1708 714 1772 cui
733 1708 804 1774 sive
822 1709 1007 1796 epinicium
1027 1714 1214 1777 cantaverit

46 1794 49 1807 ¹
172 1826 273 1902 poeta
286 1813 355 1876 sive
372 1810 497 1892 minus,
511 1811 603 1879 nulla
617 1822 706 1875 certe
717 1811 858 1896 insignis
871 1812 951 1878 inde
963 1813 1209 1880 existen-erum

170 1913 388 2004 permutatio.
432 1914 549 2000 Itaque
560 1935 672 1998 neque
682 1926 769 2000 vputo
786 1914 980 1998 Gleiminm,
1000 1915 1043 1979 ob
1056 1927 1106 1980 tot
1118 1918 1209 1996 ejus-

170 2016 250 2084 dem
267 2016 353 2103 regis
373 2015 529 2080 victorias
545 2014 696 2110 carmine
720 2018 913 2100 celebratas,
929 2020 966 2084 in
985 2017 1124 2084 laudum
1137 2023 1210 2097 ejus

169 2121 365 2188 societatem
387 2117 507 2183 venire
522 2115 670 2204 unquam
686 2109 840 2200 soluisse.
884 2122 1057 2207 Longinus
1073 2117 1213 2206 qu‘dem

132 2226 273 2291 ¹‘etittm
295 2219 515 2308 reprehendit
537 2219 734 2303 Timaeum,
770 2222 860 2308 quod
880 2146 1237 2309 Alexandrumlua-,

134 2307 138 2318 ¹
167 2349 273 2423 gnum
285 2325 482 2391 laudaturus
496 2322 645 2404 dixisset,
654 2322 748 2387 illum
760 2325 973 2410 paucioribus
988 2325 1083 2390 annis
1095 2324 1211 2390 Asiam

167 2429 312 2517 imperio
336 2450 397 2496 suo
421 2426 610 2510 subjecisse,
636 2447 736 2511 quam
758 2421 999 2515 panegyricum
1028 2427 1212 2515 scripsisset

166 2526 341 2598 Isocrates.
378 2526 623 2598 Admirabilem
637 2550 731 2605 vero,
752 2527 874 2612 inquit,
896 2527 1083 2595 Alexandri
1095 2530 1212 2615 Magni

111 2680 114 2689 ,
166 2651 247 2696 cum
269 2630 413 2693 Oratore
434 2631 737 2715 comparationem!
759 2633 810 2698 Ita
824 2630 894 2715 fiet,
916 2645 956 2698 ut
976 2632 1088 2699 minor
1102 2633 1211 2702 Lace-

59 2757 63 2770 ·
167 2730 441 2810 daemoniorum,
471 2726 544 2816 'qui
574 2731 711 2818 triginta
740 2733 836 2802 annis
865 2735 987 2801 urbem
1018 2736 1210 2800 Messanam

160 2845 464 2925 oppugnaverunt,
483 2835 651 2907 censenda
663 2836 708 2903 sit
719 2837 835 2923 gloria,
857 2860 960 2924 quam
976 2837 1122 2921 ejusdem
1134 2837 1216 2907 Iso··x

164 2937 263 3008 cratis
281 2933 408 3000 decimo
428 2959 517 3002 anno
529 2930 890 3028 panegyricum'suuin
907 2938 1120 3008 absolventis.
1177 2935 1181 2942 ⁴

250 3036 409 3103 Diximus
430 3059 543 3125 supra,
574 3062 646 3106 non
671 3041 854 3128 quantitate
876 3043 1004 3125 solum,
1032 3063 1152 3110 verum
1173 3053 1209 3109 et

165 3141 324 3229 qualitate
352 3139 492 3204 modum
516 3163 615 3227 posse
639 3144 766 3209 excedi.
809 3145 845 3210 Id
867 3144 1029 3230 quoniam
1051 3144 1207 3213 mirabile

162 3244 280 3333 multis
299 3239 409 3309 videri
422 3239 535 3330 possit,
555 3242 657 3332 paulo
675 3247 882 3312 enucleatius
899 3259 949 3310 est
964 3247 1204 3314 disserendum.

162 3346 348 3421 Enimvero
380 3339 519 3423 modus,
556 3343 635 3428 quia
663 3344 799 3414 nonnisi
823 3336 975 3415 inest'in
1004 3348 1204 3436 quantitate,

157 3447 325 3536 ‘qualitate
348 3443 488 3537 proprie
510 3446 626 3514 excedi
645 3474 716 3514 non
736 3462 854 3539 potest.
905 3450 1016 3536 Atque
1038 3451 1207 3524 nimirum

162 3561 235 3622 turn
254 3546 440 3629 exceditur,
453 3569 532 3613 cum
549 3571 601 3615 res
616 3545 710 3617 tanta
722 3553 856 3633 dicitur,
871 3567 997 3640 quanta
1010 3576 1079 3619 non
1092 3567 1205 3641 potest

111 3702 114 3713 .
163 3676 244 3741 esse.
269 3651 340 3741 Qui
354 3661 465 3716 autem
482 3651 584 3718 talem
600 3651 693 3735 dicit,
706 3656 813 3740 qualis
828 3681 899 3722 non
912 3669 972 3737 est,
994 3656 1076 3726 falsa
1090 3657 1205 3749 potius

163 3778 264 3844 quarn
286 3753 391 3818 nimia
410 3751 500 3818 dicit.
546 3752 645 3842 Quae
664 3780 769 3843 quum
783 3757 828 3824 ita
841 3759 918 3840 sint,
941 3770 1056 3830 tamen
1072 3769 1106 3821 et
1119 3757 1207 3824 falsa

163 3856 330 3931 nonnulla
351 3866 429 3919 sunt
458 3856 640 3939 ejusmodi,
662 3869 702 3953 ut
722 3859 838 3926 eadem
858 3860 964 3927 nimia
990 3861 1054 3926 rite
1075 3860 1209 3948 possint

163 3957 288 4026 vocari.
320 3955 427 4038 quue
441 3965 514 4019 tum
530 3955 580 4038 fit,
602 3957 661 4022 ubi
674 3981 726 4023 res
738 3972 977 4046 permutantur
992 3984 1115 4050 genere
1130 3964 1210 4049 qui-

74 4070 95 4119 b
167 4062 248 4130 dem
270 4059 341 4127 sive
366 4057 527 4147 qualitate
555 4057 793 4152 discrepantes,
820 4061 879 4130 sed
900 4084 1046 4150 quarum
1068 4065 1211 4152 qualitas
