2708 4636
538 303 860 374 *185*-

181 479 404 570 pnrasonam
419 489 453 546 a
471 460 600 545 lasus
614 486 648 542 a
666 476 792 544 insana
812 461 876 544 an
890 475 1101 545 craecorum
1114 473 1222 542 animi

180 582 538 656 commemorationem
552 578 639 645 nihil
651 579 833 646 continens.
876 582 1068 670 Utrumque
1081 580 1222 668 sapien·-
1256 667 1259 673 ff

180 687 317 752 tissime.
340 686 445 753 'Nam
470 681 655 771 improvisa
675 681 864 751 calamitate
886 697 945 750 aut
964 684 1143 773 repentino
1156 682 1224 749 ali-
1255 673 1256 676 ¹

181 800 250 877 quo
263 800 359 854 metu
376 810 553 878 oppressos
565 794 687 852 natura
697 783 770 872 ipsa
784 785 923 857 minime
936 790 1065 880 patitur
1080 810 1152 854 esse
1167 785 1223 852 di.

144 945 150 955 ,
178 885 293 969 sertus.
337 893 429 957 Tum
449 891 491 957 ad
511 887 699 985 sedandum
714 891 943 976 Troianorum
963 891 1142 979 impetum,
1163 911 1223 954 eo·

161 997 391 1079 ,eundemque
413 992 590 1059 excitanda
609 992 724 1057 studia*
740 992 788 1058 nil
806 1016 885 1087 sane
902 993 1014 1080 aptius
1038 992 1105 1057 fuit
1118 1014 1222 1081 quam
1301 1063 1303 1068 λ

177 1097 370 1164 communis
383 1095 420 1164 in
432 1096 584 1183 ipsorum
598 1095 707 1162 hostes
723 1095 791 1160 odii
805 1094 1013 1182 significatio.
1042 1095 1125 1162 Inde
1139 1092 1221 1178 quid
1248 1112 1250 1116 ’

177 1200 386 1290 probabilius
401 1209 461 1280 est,
483 1219 587 1282 quam
596 1198 676 1264 dllos
690 1197 741 1262 his
755 1198 893 1284 cognitis
907 1199 1009 1288 plura
1019 1197 1109 1262 'velle
1123 1195 1223 1277 audie¹

176 1325 216 1367 re
233 1302 275 1367 ab
291 1325 342 1383 eo,
365 1323 468 1388 quam
489 1301 685 1385 loquentem
700 1311 809 1381 antea,
831 1325 967 1389 omnem
986 1299 1153 1368 vindictae
1168 1296 1237 1363 dia⁴

175 1401 339 1471 lationem
354 1402 453 1488 nimis
467 1405 604 1489 longam
621 1402 790 1483 arbitrati,
812 1427 856 1470 na
870 1404 1024 1499 tulissent
1039 1399 1200 1487 quidem?

261 1505 385 1572 Nunc
375 1503 479 1592 igitur
498 1505 630 1570 silentia
647 1504 711 1572 sibi
741 1505 822 1573 facit
841 1505 932 1573 Sino.
985 1504 1028 1573 Iis
1049 1495 1220 1591 quomodo
1326 1533 1328 1539 ¹

177 1609 314 1674 utitur?
355 1610 447 1676 Num
466 1608 508 1673 ad
526 1608 778 1697 expediendum
793 1631 893 1675 omne
905 1608 948 1712 de
967 1628 1053 1695 equo
1071 1608 1220 1691 Trojano

175 1712 433 1794 commentum?
469 1712 526 1779 Nil
548 1733 630 1775 vero
655 1711 780 1777 minus.
812 1678 995 1782 Videlicet
1015 1732 1079 1798 per
1104 1709 1220 1792 longae

173 1813 331 1901 ambages
345 1837 385 1878 eo
402 1811 545 1881 ducendi
558 1802 699 1880 ¹fuerunt
714 1815 838 1896 hostes,
859 1836 926 1900 quo
940 1804 1088 1878 volebat.
1121 1811 1221 1878 Prius
1260 1898 1263 1901 Δ
1288 1814 1296 1823 ’

173 1916 312 2003 penitus
327 1915 527 1980 conciliandi
542 1929 638 1983 erant
651 1917 774 2001 animi,
796 1918 890 2007 prius
905 1915 1108 1982 adstruenda
1123 1914 1223 1982 dictis
1257 1997 1259 2002 ,

174 2016 276 2083 fides:
297 2015 388 2101 qnod
402 2014 500 2095 facit,
522 2041 620 2083 suam
640 2019 816 2086 historiam
832 2017 1063 2086 fraudulenter
1074 2018 1121 2084 ita
1133 2015 1221 2084 con-s
1260 2101 1263 2105 .

175 2128 305 2199 texens,
327 2127 368 2180 ut
382 2115 467 2181 veris
481 2113 564 2181 falsa
582 2119 774 2201 admisceat,
797 2135 831 2186 et
844 2119 1022 2185 mendacio
1034 2119 1139 2186 fidem
1154 2144 1220 2187 ve·
1267 2170 1277 2184 ι

174 2220 275 2286 ritate
299 2216 464 2285 conciliat.
507 2218 558 2283 Ita
582 2218 671 2313 enim
693 2219 849 2288 homines
869 2220 950 2288 facti
965 2243 1098 2302 sumus,
1120 2235 1160 2293 ut
1175 2215 1220 2290 ex

175 2323 320 2410 cognitis
334 2319 505 2406 incognita
518 2320 741 2406 aestimemus,
764 2334 797 2389 et
811 2347 851 2390 ea
865 2343 952 2409 quae
963 2321 1124 2416 novimus
1139 2345 1219 2392 vera
1261 2407 1263 2413 Α

172 2425 390 2493 narrantibus
409 2423 597 2495 incaeteris
618 2442 751 2514 quoque
772 2426 876 2493 fidem
890 2423 1092 2504 babeamus,
1113 2423 1218 2490 modo

173 2530 242 2600 sint
264 2530 380 2594 omnia
395 2527 474 2594 satis
487 2527 576 2595 inter
595 2553 633 2595 se
654 2543 733 2619 apta
753 2521 883 2616 aliaque
904 2550 950 2593 ex
963 2525 1035 2592 aliis
1051 2548 1151 2592 nexa.
1175 2566 1221 2587 -..

172 2631 295 2720 Incipit
308 2632 350 2697 ab
363 2632 511 2717 ingenua
526 2633 635 2719 gentis
652 2633 869 2700 confessione.
914 2629 1139 2719 Quod'animi
1152 2633 1219 2699 ho-
1260 2645 1263 2653 '

172 2735 261 2801 nesti
278 2745 312 2797 et
324 2735 453 2824 veracis
474 2736 606 2822 signnm
618 2737 656 2801 in
669 2759 709 2801 eo
727 2737 834 2803 videri
849 2734 1007 2815 debebat,
1031 2733 1089 2820 qui
1103 2735 1145 2800 ab
1160 2737 1219 2803 in·
1281 2736 1284 2751 ‘

173 2836 270 2902 senso
283 2836 432 2904 bostium
445 2840 558 2904 animo
579 2838 668 2904 mala
682 2837 818 2926 quaevis
832 2846 1051 2922 exspectaret.
1095 2838 1218 2908 Caete-

174 2962 214 3005 ra
233 2940 422 3026 componit,
455 2953 495 3004 ut
520 2940 680 3006 diximus.
734 2939 911 3027 Sapienter
932 2947 1069 3024 praeter
1087 2951 1217 3008 caetera
1303 2942 1329 3018 '-

175 3039 354 3107 hostilem
344 3063 382 3104 111
395 3041 549 3129 Ulyssem
566 3043 718 3108 animum
733 3041 877 3107 simulat.
915 3041 1012 3110 ddum
1026 3050 1060 3104 et
1075 3042 1217 3121 Troiani

173 3143 343 3210 eGraecis
363 3145 520 3210 omuibus
543 3167 651 3209 unum
673 3145 822 3212 maxime
845 3142 1004 3225 oderant,
1026 3155 1067 3208 et
1083 3144 1216 3216 bomini

173 3257 282 3311 astuto
298 3257 331 3310 et
350 3246 473 3335 pellaci
487 3248 636 3312 crudeles
660 3238 803 3314 insidiie
816 3257 952 3334 praeter
974 3236 1122 3314 caeteros
1137 3274 1216 3318 rna

173 3349 265 3415 xime
278 3349 499 3437 probabiliter
521 3348 770 3444 tribuebantur.
812 3347 967 3416 Medium
979 3347 1134 3439 denique,
1156 3355 1216 3427 ubi
1291 3402 1293 3407 ,

173 3453 251 3516 satis
267 3452 487 3519 accendisse
476 3476 513 3517 ιιι
528 3442 612 3539 Troj
614 3451 686 3516 anis
702 3451 920 3540 cognoscendi
938 3449 1088 3520 studium
1105 3455 1216 3523 videri

172 3559 322 3642 poterat,
349 3545 540 3622 sermonem
561 3555 741 3645 abrumpit.
784 3555 830 3622 Et
850 3555 915 3619 hoc
935 3553 1074 3641 egregie.
1119 3559 1215 3644 Quid

173 3655 266 3721 enim
277 3658 501 3746 probabilius,
524 3680 627 3746 quam
647 3658 819 3725 neminem
838 3657 934 3722 irrita
948 3655 1055 3721 verba
1067 3658 1215 3744 profun-
1262 3668 1264 3675 “

172 3760 254 3826 dere
266 3759 352 3824 velle
369 3760 460 3849 apud
475 3783 530 3827 eos
538 3809 549 3845 ,
571 3783 654 3849 quos
668 3760 771 3871 exitio
785 3783 847 3826 suo
861 3756 1039 3828 imminere
1053 3774 1143 3831 nerto
1155 3763 1215 3832 in-

171 3861 323 3949 telligat?

257 3964 356 4031 Nunc
376 3963 585 4034 inflammata
606 3968 685 4036 satis
704 3966 864 4063 audiendi
883 3965 1067 4058 cupiditate
1084 3970 1214 4058 reliqua
1279 3994 1283 4001 ²

173 4068 409 4158 persequitur,
431 4081 466 4136 ct
480 4087 617 4140 omnem
637 4072 797 4140 fictarum
815 4069 1013 4143 insidiarum
1035 4071 1214 4140 historiam
1237 4153 1239 4157 Α
1322 4120 1325 4127 «
