2708 4636
512 308 844 397 ...59-.

141 496 252 573 gutur·
287 481 426 550 >vorum
446 480 531 548 haee
550 478 694 547 minima
714 481 866 568 parafeat
888 470 1040 549 erroria·
1064 480 1188 570 'Neque

143 592 235 693 enim
246 590 315 655 hoe
331 586 449 674 iprum>
463 583 555 670 qaod
572 594 645 661 tam
668 581 769 669 lon'go
789 582 912 649 itinere
932 586 1115 671 quaesivit,
1138 595 1188 653 est

143 691 284 759 omnino
304 712 325 754 a
344 696 446 776 poeta
465 697 662 776 repertum
695 685 782 751 Illud
799 694 922 775 nempe
945 686 1025 775 quid
1048 686 1189 757 enodi-²

143 795 245 860 eam?
259 795 324 881 'Ut
335 787 499 856 artificem
516 787 696 867 laudaret?
716 785 897 874 Egregiam
911 811 996 856 vero
1008 788 1188 858 Prairitelis

142 895 297 977 laudem,
318 893 348 959 si
360 891 524 978 quidquid
538 891 574 957 in
588 891 683 978 signo
698 891 757 979 illo
773 903 808 967 ‚et
817 889 987 957 laudabile
1001 903 1075 958 erat·
1082 905 1119 959 et
1125 886 1190 958 'di-

143 999 260 1065 vinum
280 1008 316 1062 et
336 992 546 1062 simillimum
567 994 727 1075 Veneris,
750 1014 820 1060 non
843 1002 894 1057 est
914 991 1054 1083 abipso
1074 993 1190 1065 sedab

144 1122 185 1163 eo
199 1121 268 1186 quo
281 1106 362 1187 usus
375 1095 441 1162 luit
458 1095 684 1163 instrumento
696 1082 899 1192 proiectum.
941 1095 993 1162 Ita
1010 1115 1054 1161 ne
1065 1090 1197 1163 Pridi-

143 1200 219 1266 telis
234 1198 373 1286 quidem
394 1220 497 1289 opera
509 1198 834 1278 desiderabaturpet
853 1195 1035 1264 vilissimus
1048 1186 1194 1283 quiaque

110 1366 113 1370 Α
145 1301 263 1392 opifex
280 1303 372 1371 idem
394 1300 622 1390 praestitisset.
668 1303 767 1393 Quin
794 1325 838 1371 ne
860 1322 946 1388 opus
966 1298 1105 1385 quidem
1124 1297 1195 1384 urit

145 1406 215 1472 ulla
227 1402 372 1472 hominis
386 1427 504 1473 manu.
547 1406 701 1473 Fortasse
720 1417 836 1495 autem
847 1403 963 1492 ipsum
978 1422 1041 1490 per
1056 1421 1093 1465 se
1109 1399 1197 1493 ustio·¹

115 1543 118 1553 »
145 1507 261 1575 ficium
274 1506 459 1574 laudatur?
503 1508 548 1576 At
559 1510 625 1582 hoo
638 1509 771 1576 laudari
791 1530 860 1572 non
873 1515 1007 1595 poterat
1020 1503 1093 1593 sine
1109 1498 1197 1571 arti-

146 1610 218 1678 ficis
230 1621 391 1700 respectu.
436 1610 524 1681 Nam
539 1588 795 1678 admirationem
806 1608 955 1677 habebat
965 1606 1106 1680 nullam,
1131 1603 1199 1699 nisi

146 1714 189 1780 ab
211 1710 351 1780 bomine
370 1704 576 1803 profectum.
620 1715 686 1781 Dei
706 1725 821 1779 autem
842 1710 983 1793 arbitrio
1004 1718 1110 1793 atque
1130 1727 1201 1771 nu-

146 1814 240 1887 mine
251 1817 280 1882 si
293 1826 367 1882 erat
379 1815 529 1899 factum,
551 1815 639 1883 nihil
653 1815 690 1881 in
707 1816 767 1882 illo
781 1812 902 1880 accidit
914 1808 1068 1877 mirabile
1083 1812 1200 1910 neque

146 1919 365 1986 laudandum.
409 1918 513 2006 Quod
527 1919 641 2007 ipsum
656 1919 722 1985 alio
737 1921 813 1986 loco
829 1914 1014 1984 declaravit
1024 1913 1200 1986 Ausonius

148 2021 214 2085 hoe
233 2039 357 2082 versu:

267 2142 348 2206 Non
363 2157 439 2205 sunt
456 2144 543 2205 faeta
557 2143 627 2205 Dei
639 2142 738 2222 mira,
762 2145 819 2207 sed
843 2143 987 2205 artificis.
1102 2134 1106 2148 '

141 2292 167 2370 j
236 2283 769 2376 Sednullamajoriuhocgenere
778 2285 877 2373 penis
885 2281 1009 2354 catilla,
1019 2305 1204 2370 quaeser-

97 2408 101 2415 ’
150 2400 248 2475 satur
266 2390 303 2457 in
323 2387 464 2455 diversis
478 2388 747 2479 animimotibus
762 2380 864 2478 atque
877 2383 1202 2478 perturbationibus.
1251 2450 1253 2456 ,

151 2493 239 2564 Nam
254 2492 292 2559 in
304 2489 424 2569 ceteris
437 2489 510 2557 fere
522 2490 679 2562 omnibus
698 2492 811 2577 rebus,
825 2492 854 2558 si
869 2489 951 2578 quid
964 2487 1007 2553 ab
1022 2486 1086 2554 hac
1102 2498 1205 2576 parte

152 2580 254 2679 inerit
276 2604 472 2684 peecatum,
502 2594 589 2663 illud
610 2608 644 2666 et
667 2595 802 2686 modice
818 2594 927 2672 lertur
948 2604 982 2657 et
1000 2591 1206 2679 simpliciter

153 2694 317 2795 displicet.
349 2696 392 2760 In
402 2693 456 2760 his
469 2708 603 2780 autem,
624 2699 747 2787 siquid
764 2721 886 2787 parum
901 2709 950 2760 est
963 2694 1127 2775 naturale,
1141 2703 1208 2765 aut

155 2799 198 2884 ab
214 2798 366 2864 bumana
379 2799 502 2863 mentis
513 2800 628 2868 indole
639 2804 797 2879 alienum,
819 2798 1039 2863 vehementer
1051 2817 1210 2861 nausea·-

155 2923 232 2977 mus
250 2897 511 2986 saepissimeque
534 2903 614 2968 inde
643 2903 751 2973 animi
769 2899 1010 2971 commotiones
1032 2895 1093 2965 illis
1113 2918 1212 2984 quase

157 3011 368 3089 quaeruntur
389 2999 540 3089 existunt
558 3003 758 3078 coronariae,
800 3004 889 3069 Nam
909 3022 974 3090 pro
996 3011 1129 3070 terrore
1143 2999 1212 3087 ine

157 3102 317 3192 dignatio,
333 3100 404 3190 ‘pro
420 3103 651 3181 misericordia
663 3105 848 3188 fastidium,
864 3128 927 3195 pro
941 3103 1099 3192 lacrymis
1114 3103 1212 3178 risun

158 3207 207 3293 ita
226 3203 385 3272 facillime
398 3221 566 3277 movetur.
612 3207 692 3296 Quo
706 3207 829 3274 vitium
842 3209 977 3274 nullum
989 3206 1214 3291 frequentius

161 3319 211 3393 est
234 3308 272 3376 in
293 3308 404 3397 poetis
416 3307 662 3398 Francogallis3
685 3333 829 3398 quorum
844 3312 883 3377 in
895 3332 994 3381 acaria
1008 3308 1168 3378 heroes'ir
1180 3332 1216 3383 a·

160 3409 258 3498 genio
280 3420 426 3492 certant,
455 3425 605 3487 amantes
629 3411 802 3487 antithetis
822 3412 1064 3498 ingemiscunt,
1097 3410 1216 3498 ¹atquo

160 3510 356 3579 moribundi
367 3511 403 3576 in
414 3515 569 3583 acumine
577 3514 690 3603 aliquo
704 3517 883 3605 exspirant.
905 3512 1217 3602 Atquebaeoqusi-
1274 3525 1277 3532 ’

163 3615 259 3695 dem,
280 3637 324 3679 ne
345 3617 417 3703 quis
438 3619 545 3685 nimia
566 3617 674 3687 dicia
695 3618 793 3688 nobie
814 3619 999 3700 existimet,
1028 3617 1163 3705 exempl
1176 3615 1218 3701 la,

164 3728 331 3815 quantum
354 3718 430 3799 satie
446 3722 632 3796 videbitur,
656 3722 912 3796 declarabimus.

174 3901 178 3907 -
248 3861 450 3945 Huiusmodi
461 3868 560 3955 plura
573 3869 668 3938 uobis
677 3865 907 3959 suppeditabit
921 3866 1037 3933 Penne
1053 3865 1163 3947 illeCc
1174 3888 1222 3965 ‘7

166 3964 296 4042 nelina,
323 3966 440 4050 quem*
455 3971 622 4059 Magnum
645 3966 870 4067 'Franoogalli'
891 3970 998 4036 solent
1025 3968 1224 4056 appellare.

171 4066 253 4161 Qui,
277 4089 356 4134 cum
378 4066 520 4160 Surena,
541 4067 747 4173 Parthorum
761 4078 843 4159 dux,
864 4075 908 4141 ob
923 4066 1097 4145 Eeriti'c‘es
1108 4072 1168 4136 ani
1176 4088 1225 4136 u·
