2708 4636
514 327 833 395 ...ὢ-..-

154 515 231 572 tum
254 521 501 589 excussumque
520 494 618 567 illum
643 479 937 588 cogitationisque
959 472 1202 570 10111111111110-Ι
1235 547 1238 553 ·
1342 490 1344 497 ¹

143 622 230 675 'tum
246 626 464 696 compensare
480 625 550 668 non
566 603 730 666 videatur.
753 604 839 668 Eam
854 605 897 668 ob
912 628 1063 672 caussam
1082 628 1201 674 ornnes

152 713 232 780 illae
240 708 587 799 parvaeludicraeque
597 704 931 770 circulatorumartes
947 709 1055 774 levem
1072 700 1198 776 fortasss

153 825 190 881 sc
202 811 467 884 delectationem,
478 807 736 872 admnationem
752 818 867 870 autem
883 817 973 872 certe
988 812 1115 877 nullam
1132 814 1199 878 ha-

152 917 253 984 bent:
284 912 376 1001 quod
397 912 509 998 ipsum
538 907 738 994 significavit
767 907 979 988 Alexander,
1014 911 1110 978 illum
1139 914 1202 1007 qui

152 1016 231 1084 fixis
243 1016 278 1080 in
291 1039 368 1080 acus
383 1013 517 1101 cuspide
530 1025 621 1077 certo
633 1035 754 1077 manus
768 1010 921 1095 conjectu
934 1011 1078 1078 lentibus
1095 1012 1200 1082 soler-

154 1121 239 1184 tiam
259 1105 354 1181 suam
375 1116 562 1204 probasset,
605 1116 759 1180 modium
789 1112 1028 1178 lenticularum
1058 1116 1202 1183 admen.
1264 1174 1268 1187 q

153 1244 233 1287 sum
262 1218 354 1284 ferre
378 1218 518 1307 jubens,
554 1239 623 1304 quo
656 1217 796 1284 haberet
831 1214 955 1281 scilicet
985 1215 1076 1283 unde
1094 1229 1202 1286 artem

155 1334 337 1391 exerceret.

242 1438 329 1508 Illud
346 1440 483 1527 quidem
495 1438 532 1508 in
548 1442 612 1509 hac
627 1461 739 1510 caussa
750 1440 957 1530 intelligitur,
980 1462 1047 1508 non
1062 1463 1201 1509 omnem

154 1568 271 1616 rerum
291 1545 496 1630 'exiguarum
518 1542 676 1609 dilectum
697 1542 740 1608 in·
752 1546 835 1612 vitio
848 1546 940 1634 poni.
983 1542 1092 1613 Multa
1109 1542 1202 1612 enirn

72 1718 75 1727 ,
154 1649 288 1717 minimi
303 1666 362 1736 per
376 1667 411 1713 se
424 1645 587 1713 momenti
604 1647 794 1734 plurimum
810 1659 924 1714 tamen
938 1649 979 1714 ad
994 1671 1048 1713 res
1067 1662 1204 1736 magnus

152 1747 365 1821 illustrandas
392 1752 527 1829 valent,
556 1770 739 1834 aquarum
765 1751 849 1816 adeo
873 1750 1104 1836 conjunctione
1127 1768 1205 1816 eam

156 1878 257 1946 quam
276 1849 309 1917 in
327 1874 388 1916 sua
410 1864 530 1917 natura
545 1874 614 1915 non
629 1851 756 1918 habent
769 1856 971 1940 gravitatem
988 1874 1204 1940 consequun-

156 1970 225 2024 tur.
275 1955 380 2036 Cujus
404 1950 534 2033 generis
558 1975 643 2037 quae
667 1966 761 2037 sunt,
797 1959 910 2024 omnia
934 1955 1037 2022 isthac
1061 1957 1205 2044 castiga-

156 2056 250 2122 tione
273 2073 477 2134 censuraque
498 2051 701 2116 eximuntur.
744 2055 809 2121 Sed
824 2051 979 2142 qurhaee
992 2077 1104 2144 perse
1119 2059 1203 2124 nnl-
1248 2116 1253 2135 „

157 2160 260 2243 loque
280 2152 339 2218 vel
363 2173 426 2214 usu
449 2147 579 2212 inducti
604 2152 659 2214 vel
673 2151 865 2219 necessitate
887 2166 1032 2241 captant,
1052 2150 1102 2223 illi
1116 2180 1204 2246 pro-

155 2260 246 2327 fecto
281 2252 324 2318 ab
354 2238 480 2336 judicii
503 2245 779 2316 imbecillitate
768 2274 805 2319 m
843 2274 1002 2338 magnam
1027 2257 1203 2325 incurrunt

154 2355 463 2481 reprehensionem.
520 2355 633 2439 Atque
658 2354 821 2422 nimirum
852 2357 1013 2441 juventus
1039 2359 1205 2450 pleraque

154 2467 190 2532 in
214 2463 280 2527 hoe
302 2456 423 2521 vitium
448 2467 498 2520 est
520 2456 693 2544 proclivis,
729 2460 784 2526 cui
807 2457 1067 2525 ambitiosior
1037 2483 1127 2533 eirca
1148 2485 1204 2530 res

153 2560 312 2635 minimas
335 2577 416 2623 cura
436 2552 609 2644 ingenium
637 2558 790 2643 videtur,
813 2564 936 2650 quique
950 2585 1000 2641 ea,
1006 2584 1107 2649 quae
1120 2587 1201 2631 vero
1299 2604 1301 2615 ι

153 2666 294 2738 nomine
315 2656 465 2726 difficiles
485 2682 589 2747 nugas
611 2663 853 2754 adpellaveris,
875 2685 1060 2752 permagna
1078 2678 1203 2755 putant

156 2793 227 2837 esse
249 2774 459 2834 ornamenta.
501 2764 658 2851 Inprimis
683 2778 796 2831 autem
818 2765 854 2830 in
875 2788 991 2831 rerum
1004 2769 1204 2857 descriptio..

153 2869 253 2941 nibus
282 2864 426 2954 turpiter
454 2862 617 2932 labuntur
643 2863 761 2946 multi,
804 2860 863 2952 qui
898 2870 1203 2954 praetermodum
1307 2854 1310 2859 ¹

152 2971 368 3061 luxuriantes
396 2978 470 3036 tum
506 2968 643 3034 demum
668 2991 721 3032 res
734 2986 805 3032 sese
838 2966 977 3054 pingere
998 2981 1136 3065 putant,
1173 2973 1202 3039 si

89 3075 92 3081 ’
153 3075 296 3146 minima
335 3068 473 3158 quaevis
509 3082 681 3138 momenta
713 3081 968 3158 persequantur.
1024 3074 1204 3162 ltneque

146 3172 295 3270 'pictoris
321 3186 369 3240 est
388 3174 502 3240 omnia
523 3175 671 3264 pingere,
692 3172 801 3239 multo
814 3183 927 3237 autem
943 3175 1054 3242 minus
1069 3189 1202 3266 poetae.

141 3280 209 3348 ¹Illi
227 3294 310 3345 vero
332 3272 374 3341 ad
397 3271 592 3362 quisquilias
610 3293 709 3361 saepe
730 3271 857 3362 delapsi
870 3271 981 3364 pueris
994 3279 1109 3363 magni
1123 3278 1202 3346 licet
1303 3347 1310 3357 ,

154 3374 347 3459 videantur,
369 3374 449 3441 viris
463 3386 552 3441 certe
565 3396 664 3462 quam
679 3373 828 3440 maxime
841 3373 930 3443 fiunt
942 3375 1088 3446 ridiculi

197 3470 377 3579 Etenim
399 3493 472 3583 quis
493 3490 599 3561 risum
616 3499 737 3576 teneat,
759 3515 865 3578 quum
880 3496 975 3562 verbi
987 3521 1099 3565 caussa
1113 3499 1203 3568 San·

156 3612 254 3671 ctum
275 3597 469 3667 Amandum
486 3607 620 3682 poetam
635 3602 785 3660 veterem
803 3590 1058 3686 Francogallum
1074 3600 1201 3689 legerit,

152 3701 383 3774 Israelitarurn
398 3722 460 3788 per
474 3720 568 3764 mare
581 3690 721 3760 rubrum
736 3698 916 3765 transitum
932 3701 1201 3774 describentem?

148 3801 230 3917 ¹Qui
251 3827 321 3870 non
342 3798 448 3892 pisces
466 3800 568 3867 modo
591 3791 647 3863 illo
672 3796 860 3895 spectaculo
873 3797 968 3891 fingit
983 3806 1150 3893 attonitos,
1166 3812 1200 3898 *)

156 3935 369 3958 μαι-..-

143 3995 469 4154 μ’)ἓειὶοὶεεὲηε
452 4003 560 4072 statis
579 4007 620 4067 les
640 4002 788 4086 regardent
798 4028 913 4092 passer
935 4009 1051 4091 Moyse
1064 4037 1147 4093 saure
1142 4014 1204 4075 ἂι

247 4106 267 4156 1.
318 4112 382 4157 mm
597 4114 600 4121 '
703 4149 706 4155 .
