2708 4636
514 302 914 390 .....75......x

163 477 232 545 iam
255 474 408 566 perficiet
434 485 535 562 atque
562 471 729 541 firmabit..
772 472 859 562 Quo
879 469 1016 561 quidem
1041 471 1084 539 ad
1101 472 1200 559 ,haas

163 602 264 668 quam
288 579 483 667 quaerimus
504 577 697 645 facultatem
721 578 812 663 quod
832 575 925 662 prius
937 573 1087 659 magisve
1101 597 1199 640 com·

164 683 344 767 mendum,
365 681 518 770 profecto
541 679 629 745 nihil
648 679 769 762 habeo.
817 679 904 746 Nam
925 680 1017 743 velut
1035 676 1200 765 etceteris

164 785 345 872 disciplinis
367 782 524 861 ominbus
544 781 756 871 philosophia
768 778 879 845 facem
894 779 1130 869 praefert‚.ita
1142 782 1201 869 in-

89 908 93 919 ’
164 887 284 977 primis
305 887 344 953 in
358 886 430 961 hac¹
443 894 539 971 parte
552 882 724 949 doctrinae
740 895 790 948 est
804 883 875 966 ejus
892 871 1203 973 quoddarnpraeci-

149 1011 274 1076 vpuum
297 1009 440 1071 munus,
482 985 642 1071 quoniam
667 1009 747 1051 sane
771 985 859 1055 nihil
880 998 932 1051 est
954 986 1045 1063 aliud
1067 987 1204 1074 pulchri

164 1089 320 1171 scientia,
350 1111 451 1174 quam
474 1088 689 1177 philosophia
710 1089 753 1171 ad
776 1109 850 1152 eam
874 1110 991 1153 rerum
1006 1089 1203 1174 qualitatem

164 1192 336 1259 translata.
378 1184 488 1279 Atque
511 1190 795 1278 quemadmodum
818 1189 885 1257 hoc
905 1189 1080 1255 destitutus
1101 1214 1204 1277 prae-

161 1295 252 1369 sidio
274 1315 376 1360 nemo
393 1294 467 1359 fere
490 1294 617 1367 inulla
638 1292 825 1360 litterarum
847 1313 971 1378 genere
985 1315 1107 1380 operae
1121 1317 1205 1382 pre·
1316 1300 1320 1317 “

166 1398 253 1463 tium
277 1395 410 1478 fecerit,
430 1398 477 1470 ita
497 1421 608 1485 neque
627 1412 729 1486 poeta
743 1417 881 1461 carmen
894 1396 1001 1461 ullum
1014 1392 1206 1486 pericolum
1271 1414 1276 1425 “

160 1499 306 1579 'condem
328 1498 369 1563 de
389 1501 520 1579 artibus
540 1523 623 1565 vero
636 1496 890 1582 elegantioribus
912 1499 1008 1564 docte
1021 1497 1207 1585 subtiliter·

167 1625 234 1689 que
260 1624 362 1669 nemo
392 1594 543 1689 uuquam
572 1601 636 1667 nisi
666 1600 884 1690 philosophus
904 1598 1077 1688 judicavit.
1126 1600 1206 1664 lllos
1252 1586 1255 1593 ¹
1320 1640 1324 1646 ·

88 1754 94 1763 .
168 1707 316 1792 quidem,
326 1727 411 1792 quos
420 1704 580 1773 naturalis
594 1704 732 1792 quidam
744 1703 864 1769 mentis
879 1714 997 1791 stupor
1013 1698 1056 1765 ad
1068 1723 1207 1791 omnem

145 1809 304 1898 vpulchri
327 1830 462 1874 sensum
485 1807 632 1874 reddidit
652 1808 795 1889 inertes,
817 1827 994 1889 nequeam
1009 1807 1207 1897 ,utpneqqe

126 1962 128 1967 -
148 1988 151 1995 Ι
168 1913 257 1979 ratio
271 1910 411 1989 sanabit,
427 1921 466 1975 ut
478 1933 587 2001 neque
603 1910 740 1981 oculum
754 1930 852 1972 coeco
867 1929 977 1993 neque
992 1907 1083 1974 aliud
1094 1906 1208 1995 quodf'

171 2032 305 2093 cunque
330 2010 523 2075 membrum
543 2033 610 2074 nun
632 2009 832 2081 habentibus
854 2011 933 2072 dare
956 2011 1023 2074 ulla
1039 2008 1209 2073 medicina

140 2188 145 2205 ι
171 2119 299 2196 potest3
313 2100 435 2171 verum
449 2117 483 2171 et
498 2109 638 2175 latentes
650 2109 777 2194 ingenii
789 2110 951 2192 igniculos
965 2110 1036 2173 cxci
1042 2108 1124 2173 tabit
1129 2109 1211 2197 phi·

148 2271 155 2282 ,
171 2208 345 2297 losophia‚
368 2220 402 2275 et
414 2210 489 2295 vagi
506 2208 689 2293 incertique
705 2230 823 2271 sensus
838 2208 1061 2275 temeritatem
1076 2212 1116 2275 ad
1132 2234 1211 2275 cer·
1248 2271 1252 2277 .

171 2323 226 2377 tae
247 2309 386 2377 rationis
404 2310 569 2397 perducet
581 2310 803 2397 constantiam
821 2330 961 2393 nequea
977 2331 1057 2372 vero
1075 2309 1143 2375 fine
1157 2309 1212 2375 sa-

150 2413 234 2487 ,cile
256 2412 402 2499 patietur
420 2414 588 2480 aberrare.
633 2410 904 2497 Enirnverohoc
926 2413 999 2502 ejus
1021 2412 1212 2479 niaximum

99 2509 101 2513 ’
173 2527 223 2580 est
246 2536 372 2581 munus
390 2527 497 2602 atque,
510 2514 734 2597 beneficium,
762 2512 852 2601 quod
867 2513 924 2579 illa
940 2514 1024 2582 duce
1040 2527 1073 2581 et
1088 2504 1213 2603 ubique
1314 2586 1317 2591 ,

154 2604 156 2609 ⁴
173 2640 350 2685 cernamus
365 2631 512 2699 acutum,
525 2629 560 2682 et
573 2618 670 2705 quale
684 2618 832 2707 quidque
846 2617 889 2683 sit
902 2621 1009 2684 multo
1025 2619 1122 2706 citius
1136 2604 1214 2684 cer-

152 2721 304 2806 „tiusque
317 2721 552 2808 intelligamus.
580 2721 697 2807 Neque
712 2721 801 2787 enim
820 2723 892 2807 ejus
906 2710 981 2789 iace
997 2723 1127 2788 artimus
1140 2724 1214 2789 col-

172 2823 332 2889 lustratus
351 2823 408 2886 ‘vel
421 2821 515 2889 inani
529 2822 638 2911 specie
654 2821 850 2913 deludetur,
872 2824 926 2887 vel
939 2846 1001 2909 pro
1018 2825 1119 2888 rebus
1132 2847 1214 2893 um·¹

150 2996 153 3001 ,
172 2923 271 3007 bram
285 2922 520 3010 amplectetur,
530 2921 588 2986 sed
602 2945 720 2988 earum
734 2921 805 2987 vim
820 2932 1045 3007 naturamque
1056 2949 1217 3012 perscru-
1270 2950 1274 2970 r

151 3088 155 3093 .
173 3038 285 3109 tatus,
308 3025 440 3110 singula
457 3044 538 3089 vero
553 3045 680 3110 suoque
693 3025 805 3112 pretio
820 3014 1017 3094 aestimabit·
1063 3027 1165 3116 Quod
1177 3039 1218 3095 ut

174 3130 212 3195 in
234 3151 303 3193 una
324 3127 442 3191 saltem
463 3126 581 3190 eorum
598 3149 686 3211 quae
700 3137 777 3193 aute
792 3126 939 3195 diximus
952 3141 1049 3218 parte
1064 3131 1218 3196 declare-

175 3231 367 3319 mus‚,quis
387 3227 536 3308 dubitat,
558 3225 640 3312 quin
660 3249 794 3306 eorum,
817 3253 964 3316 quorum
991 3231 1095 3321 primi
1111 3253 1218 3319 gene·

176 3336 222 3405 ris
251 3333 335 3398 falsa
362 3330 492 3396 lumina
519 3331 877 3416 commemoravimus,
920 3354 1022 3423 nemo
1041 3358 1105 3422 pro
1128 3333 1217 3411 veris

176 3437 261 3505 falsa
275 3435 395 3500 fuisset
406 3419 591 3521 amplsitus,
613 3430 643 3495 si
656 3431 714 3494 vel
726 3433 804 3497 satis
821 3434 992 3518 ingenium
1009 3420 1220 3525 philosophia

179 3538 394 3614 excoluisset,
416 3535 473 3599 vet
493 3534 552 3619 illo
571 3545 661 3597 certe
676 3544 841 3623 tempore,
864 3560 930 3621 quo
943 3538 1028 3607 haec
1042 3537 1220 3619 scribebat,

153 3702 160 3709 .
175 3632 253 3730 'ejus
268 3636 454 3726 praeceptis
474 3636 758 3723 obtemperasset?
780 3637 976 3723 Eodemque
992 3641 1094 3706 modo
1107 3639 1149 3705 de
1163 3663 1222 3707 ce-

166 3743 261 3821 ,teris
283 3741 437 3806 omnibus
457 3752 507 3804 est
526 3739 756 3826 judicandum.
799 3739 914 3826 Neque
935 3742 1026 3808 enim
1047 3745 1102 3808 vel
1120 3744 1223 3831 nimiu

169 3847 287 3924 dicet,
308 3843 364 3906 vel
388 3866 464 3908 cum
489 3843 602 3931 parvis
626 3865 749 3929 magna
764 3832 966 3925 confundet,
987 3848 1043 3911 vel
1057 3847 1094 3913 in
1111 3832 1224 3927 reiis-

166 3960 279 4036 .grata
301 3944 390 4008 vires
412 3941 537 4011 frustra
560 3946 756 4028 exercebit,
779 3945 835 4011 vel
867 3928 1012 4034 denique
1033 3962 1091 4041 aut
1111 3938 1225 4035 forma
1272 3984 1278 4003 ι

169 4063 246 4125 ‚aut
265 4050 340 4129 luco
362 4047 515 4138 peccabit
532 4049 580 4136 is,
602 4050 661 4139 qui
682 4049 723 4116 de
742 4071 941 4143 unaquaque
954 4075 993 4118 re
1007 4053 1088 4143 quid
1104 4040 1228 4149 sitspa·
