2708 4636
506 333 830 409 -162--

147 515 198 590 sic
207 509 380 603 scripsisse
393 507 530 578 videtur
546 504 685 573 Cicero.
714 505 813 605 Quid
823 506 916 579 enim
930 518 983 576 est
995 510 1107 599 iliud,
1132 541 1199 609 qua
1249 574 1252 579 .

149 616 395 687 meminimus?
423 625 486 678 aut
502 633 608 701 quam
621 608 726 675 babet
743 611 840 676 vim?
870 625 932 678 ant
945 617 1035 682 unde
1049 625 1199 689 natam?

147 725 187 790 Id
205 721 295 786 enim
313 715 488 804 quaeritur
501 714 538 778 in
563 720 633 779 tota
647 711 717 776 hac
726 710 966 826 disputatione,
992 742 1077 786 num
1093 723 1202 793 animi

148 838 248 911 atque
262 820 345 885 adeo
363 817 568 896 memoriae,
591 836 677 901 quae
697 824 746 877 est
762 812 868 901 animi
892 820 1055 900 quaedam
1076 847 1155 912 pars
1167 851 1200 896 a·
1272 902 1277 908 ,

147 922 310 995 facultas
302 921 451 1008 msignis,
475 917 567 1003 otigo
582 916 624 980 ad
640 937 774 1001 corpus,
797 928 855 981 aut
867 941 938 982 rem
954 922 1059 989 ullatn
1076 950 1200 1018 corpo-

147 1048 240 1095 ream
264 1024 369 1113 possit
395 1019 526 1087 wafari.
571 1018 622 1081 Ite
640 1017 753 1102 paullo
779 1031 855 1106 post
884 1038 955 1108 cap.
977 1046 1078 1110 prox.
1104 1029 1202 1113 Quid

146 1130 254 1206 enim,
270 1126 407 1190 obsecro
423 1135 469 1204 tc,
488 1133 628 1187 terrane
642 1115 720 1196 tibi,
737 1131 809 1184 aut
812 1122 876 1187 boc
889 1120 1064 1208 nebuloso,
1087 1143 1122 1195 et
1134 1158 1201 1200 ce«

147 1233 337 1329 bigmoso
301 1227 409 1294 coelo
427 1236 488 1290 aut
502 1234 599 1303 sata,
623 1231 686 1285 aut
701 1235 863 1288 concreta
877 1226 1017 1293 videtur
1031 1241 1130 1298 tanta
1142 1237 1201 1302 aie

150 1331 369 1401 memoriae?
400 1328 457 1393 ubi
475 1327 556 1390 satis
575 1324 650 1388 trita
664 1345 726 1411 per
727 1321 903 1412 tplnes1
866 1352 919 1392 crs
936 1333 1126 1398 memoriae
1139 1335 1200 1400 ni

119 1412 125 1431 ἱ
147 1434 197 1503 hil
212 1433 372 1523 amplius,
394 1445 496 1516 quam
518 1427 625 1515 ipsam
641 1427 848 1492 memoriam
860 1429 1044 1516 significat,
1063 1445 1103 1500 ut
1118 1430 1200 1537 oum

147 1536 202 1606 vis
218 1536 361 1600 deorum
376 1531 500 1597 dicitur
521 1552 586 1644 pro
603 1530 752 1595 numine.

232 1636 338 1704 XXV.
362 1631 503 1718 Quodsi
512 1630 554 1696 in
564 1632 628 1698 boc
644 1630 771 1725 mundo
781 1628 917 1720 fieri
884 1657 958 1702 stne
973 1634 1038 1704 deo
1051 1661 1119 1707 non
1126 1659 1201 1730 poa'

145 1742 238 1822 test]
274 1738 380 1807 Valde
401 1736 509 1853 p1obo
532 1735 674 1818 Bentleii
704 1737 945 1802 correctionem
970 1739 1016 1805 ita
1039 1742 1199 1832 legentiss,

146 1839 240 1939 quod
258 1865 289 1905 sc
284 1840 412 1906 boc
398 1863 435 1905 m
456 1835 583 1904 maredo
596 1834 688 1924 fieri
708 1835 782 1902 sinc
804 1837 868 1902 deo
884 1864 955 1906 non
968 1853 1104 1928 potest:
1132 1846 1203 1914 nisi

146 1947 235 2036 quod
252 1952 442 2031 pronomen
454 1939 503 2002 sio
526 1938 701 2026 transponi
714 1938 847 2005 malim·
861 1941 1007 2059 puori
974 1966 1005 2006 st
1020 1944 1055 2010 irs
1068 1949 1198 2016 mitada

148 2050 213 2116 boc
229 2041 363 2133 fieri
331 2065 404 2108 sine
420 2039 484 2106 deo
498 2064 565 2106 non
581 2050 708 2126 potest
751 2040 878 2105 Nam
854 2067 901 2108 stc
915 2045 1048 2128 exigere
1062 2048 1200 2121 videtur

151 2144 340 2216 sententiae
362 2144 433 2226 vis,
456 2164 544 2229 quae
561 2138 774 2226 potissimum
795 2142 882 2205 inest
899 2144 937 2208 in
960 2146 1099 2210 vocibus
1114 2149 1198 2236 istis,

148 2251 187 2320 in
201 2246 339 2316 mundo.
383 2247 455 2313 Hoc
471 2243 563 2308 enim
581 2239 677 2305 dicit:
706 2239 907 2329 inspbaera
928 2245 1001 2310 sine
1014 2261 1129 2313 mente
1144 2251 1200 2314 di-

148 2352 233 2422 vina
246 2352 281 2417 id
297 2346 388 2416 haud
403 2345 506 2431 magis
518 2367 617 2434 posse
634 2341 722 2421 fieri,
740 2364 842 2428 quarn
859 2345 896 2410 in
908 2347 1046 2414 mundo.
1091 2352 1200 2417 Prae·-
1261 2357 1264 2361 ’

148 2472 241 2525 terea
261 2476 360 2521 aures
390 2448 540 2516 numeris
554 2445 792 2517 ‚Ciceronianis
820 2463 970 2516 assuetae
987 2449 1080 2516 huno
1102 2454 1200 2521 ordi-

149 2583 242 2640 nem,
264 2557 301 2622 ni
323 2556 434 2627 fallor,
456 2550 561 2635 magis
577 2548 780 2637 probabunt.

236 2657 362 2727 XXXI.
398 2652 525 2725 Veniet
541 2665 694 2742 tempus,
718 2664 753 2717 et
766 2650 906 2745 quidem
919 2654 1100 2743 celeriter,
1125 2660 1200 2732 sive

149 2761 363 2840 retardabis,
386 2759 457 2826 sive
466 2755 698 2845 properabis]
721 2756 769 2820 Ea
786 2769 820 2820 et
839 2772 993 2826 veterum
1009 2763 1202 2832 editionum

154 2878 188 2930 et
208 2861 361 2928 codicum
383 2863 511 2944 aliquot
535 2859 735 2944 scriptorum
762 2871 811 2922 est
832 2859 948 2924 lectio:
980 2885 1081 2947 quam
1104 2867 1201 2939 varie

99 2949 106 2967 ¹
138 2964 222 3034 ¹viri
246 2962 335 3028 docti
353 2971 547 3038 mutarunt,
569 2981 633 3046 pro
658 2959 875 3040 retardabis,
903 2961 959 3028 alii
982 2966 1202 3053 retrectabis,

153 3068 212 3138 alii
246 3061 476 3143 retractabis,
513 3083 575 3150 pro
593 3059 819 3148 properabis,
849 3064 906 3128 alii
935 3060 1202 3156 obtemperabis,

155 3173 211 3240 alii
225 3164 411 3258 probabis,
434 3163 488 3230 alii
500 3161 664 3251 parebis,
686 3162 843 3250 legentes,
863 3188 1008 3248 qnorum
1027 3167 1110 3261 nihil
1127 3173 1205 3259 pla·-

156 3288 218 3341 cet.
265 3271 440 3360 Quorsum
459 3265 550 3329 enim
566 3267 699 3331 Tullius
722 3267 939 3332 neeessariam
954 3271 1072 3336 mortis
1084 3271 1206 3338 immi·

144 3374 267 3441 nentis
298 3369 523 3438 conditionem
546 3370 699 3457 ostendat
722 3366 771 3451 ei,
801 3369 860 3459 qui
880 3368 933 3437 m‘t
950 3371 1067 3462 magis
1094 3375 1206 3463 cupit,

127 3529 129 3533 ,
158 3478 225 3547 nisi
249 3475 312 3540 bas
336 3472 637 3562 resvrelinquere?
680 3473 779 3543 Certe
802 3495 865 3536 nec
889 3491 967 3538 enm
988 3468 1218 3561 rationehoq

158 3602 222 3644 nec
241 3576 388 3664 profesto
406 3576 507 3643 nimis
525 3573 663 3642 urbane.
710 3576 830 3654 Immo,
844 3570 873 3639 si
886 3570 1004 3664 sapiat,
1017 3574 1082 3644 hoc
1098 3594 1208 3653 unum

160 3680 301 3762 dixerit,
324 3677 413 3768 quod
436 3689 469 3760 et
490 3701 543 3742 res
563 3677 681 3760 habet,
693 3730 698 3743 .
710 3689 744 3743 et
765 3677 911 3765 cupienti
931 3674 1037 3745 fuerit
1056 3682 1210 3768 gratissi·

160 3806 270 3862 mum,
291 3782 349 3864 trel¹
364 3778 592 3871 longissimam
615 3799 746 3845 moram
762 3778 902 3842 brevem
921 3802 999 3846 esse.
1043 3777 1135 3877 Ergo
1148 3806 1210 3849 re-

161 3888 230 3955 cisa
252 3907 322 3951 una
343 3884 486 3973 syllaba,
503 3906 529 3972 ‚e
547 3881 772 3973 praecedente
794 3879 959 3946 vocabulo
981 3894 1073 3966 orta,
1095 3885 1141 3949 sio
1155 3884 1211 3954 le·

162 4009 257 4079 gam:
280 3987 353 4051 sive
374 3985 545 4075 tardabis,
568 3987 590 4051 i.
606 4007 636 4049 e.
652 3980 870 4066 cunctabere,
895 4008 934 4050 eo
949 3984 1085 4073 quidem
1098 4006 1210 4068 sensu,
1313 4048 1316 4052 ,

162 4116 229 4181 quo
245 4087 407 4160 cunctari
421 4087 578 4159 dicuntur
593 4087 696 4156 etiam
706 4082 775 4178 illi,
797 4080 856 4172 qui
871 4088 979 4157 nullas
996 4087 1085 4163 ultro
1098 4107 1224 4157 morse,

763 4212 767 4218 ·
806 4181 837 4259 Ι]
