2708 4636
476 340 889 448 ''ff-174⁶·-

152 574 169 589 ‚s
204 527 304 621 aequi
315 518 533 594 cententiama
555 514 730 612 Quiditai
750 520 822 604 Est,
837 521 1010 609 inquiunt,
1025 512 1112 593 illud
1124 525 1251 618 ipsuni,

118 689 127 702 ,
204 634 294 721 quod
307 628 429 697 Graeci
446 637 584 705 vocant,
605 625 699 708 μέσον
713 627 844 709 τέμνειν.
875 626 947 692 Hoc
966 651 1046 694 vero
1064 654 1159 718 nego.
1187 635 1252 698 Ni-

203 733 331 802 mirum
347 729 487 810 Graeci,
507 751 587 793 cum
603 727 669 793 hoc
683 729 841 815 loquendi
853 730 954 796 modo
968 743 1122 816 utuntm,
1146 735 1251 801 intel·
1271 744 1273 749 ’

202 835 330 922 lignnt,
353 833 408 897 vet
429 835 596 912 κέλευθον,
618 832 676 897 vel
694 831 803 898 uimile
826 832 1009 921 quodpiam
1031 836 1249 924 vocabulum,

120 955 123 961 ’
157 923 808 1033 ductascilicetinetaphoraacursu
823 934 975 1002 navium.
1019 939 1124 1020 Hujus
1140 946 1249 1028 gene·
1312 1010 1316 1018 ,

90 1053 93 1061 ’
202 1039 250 1111 ris
271 1037 427 1125 exempla
448 1037 641 1118 satmulte,
663 1058 740 1100 cum
756 1036 903 1118 exatiis,
926 1051 999 1104 tum
1016 1063 1061 1104 ex
1077 1039 1151 1127 ipso
1167 1044 1249 1108 Pla-

201 1155 283 1211 tone
304 1138 438 1230 p'nofert
458 1138 687 1227 Stephanus
676 1159 714 1203 ιιι
732 1127 956 1205 tnesaurot·
927 1137 1068 1230 Zzngnce
1085 1142 1246 1210 Graecae

200 1269 227 1314 3,
246 1269 279 1311 v.
300 1247 409 1329 τέμνω,
454 1241 557 1330 Quod
579 1239 740 1326 loquendi
766 1255 871 1324 genus
894 1243 1014 1307 imitati
1035 1242 1159 1323 Latini,
1183 1269 1246 1312 ne·

200 1371 288 1442 quor
310 1348 413 1412 modo
440 1365 560 1409 ceccre
585 1342 719 1423 dicunt,
743 1341 845 1408 modo
860 1340 1026 1430 findere,
1048 1332 1151 1434 niodo
1169 1351 1270 1415 ent·—

200 1475 303 1533 core,
326 1449 385 1514 sed
406 1447 561 1513 medinm
574 1444 691 1536 ferire
710 1466 823 1509 neme.
868 1445 948 1534 Quo
962 1428 1172 1518 modoeiiim
1187 1451 1246 1539 fe-
1341 1469 1345 1481 '

199 1555 270 1624 rire
285 1551 460 1619 dicerent?
486 1550 578 1616 Num
595 1548 697 1628 novi,
720 1558 778 1613 aut
792 1548 942 1613 carino?
970 1552 1015 1615 At
1030 1553 1246 1640 hocquidem

199 1657 397 1726 absurdum.
440 1654 531 1718 Num
552 1651 729 1740 pedibus?
767 1650 819 1715 Ne
845 1650 881 1714 id
904 1652 1244 1736 quidem'tolerabile.

199 1761 315 1839 Adde,
337 1754 445 1844 quod,
467 1755 495 1818 si
509 1755 608 1820 lectio
625 1755 820 1824 Victoriana
834 1776 915 1817 vera
929 1754 1029 1836 foret,
1051 1771 1090 1822 ut
1107 1772 1154 1824 est
1171 1760 1243 1826 fere

146 1872 176 1900 J
200 1856 435 1929 correctotum
454 1856 651 1944 ingenium,¹
672 1879 742 1920 non
760 1867 860 1942 puto,
883 1852 982 1922 fuisse
1000 1859 1168 1942 futurum,
1183 1884 1240 1950 qul

199 1963 314 2035 hanc
305 1976 354 2029 ite
377 1972 541 2040 mutaret,
563 1961 619 2026 sed
642 1960 753 2049 potius
768 1965 894 2024 contra
942 1959 1091 2050 Quae
1065 1989 1093 2029 si
1108 1986 1241 2032 mecum

126 2080 335 2161 reputo,
358 2068 417 2132 vix
431 2086 587 2152 possum,
610 2062 691 2149 quin
709 2061 897 2130 Vtctonum
912 2077 1107 2153 ceteiosque
1120 2071 1242 2136 Ed1to
1338 2050 1341 2058 .

196 2194 254 2243 ree
273 2173 310 2238 in
326 2172 401 2237 loco
418 2169 481 2232 isto
497 2165 658 2231 mutando
674 2178 800 2230 temne
820 2179 967 2232 versatos
983 2193 1051 2234 esse
1064 2185 1221 2238 statuam.

240 2355 244 2361 Δ
284 2273 366 2362 Cap.
392 2270 484 2338 XIX.
528 2267 600 2332 Sed
625 2268 732 2334 alteri
754 2281 910 2348 censent,
943 2272 1063 2359 qnibnc
1084 2276 1121 2340 in
1142 2258 1242 2341 re'tnc
1334 2328 1337 2335 .

183 2401 277 2451 ,eum
292 2398 419 2444 comae
435 2371 703 2448 antecesserint,
735 2369 786 2433 ita
800 2383 920 2437 utnon
936 2374 983 2438 ait
995 2376 1030 2440 in
1045 2391 1164 2444 nostra
1175 2403 1241 2466 po·
1318 2378 1321 2384 “

110 2509 113 2513 ’
195 2492 342 2560 tentate,
366 2490 405 2543 nt
417 2477 525 2541 aliter
539 2475 605 2539 itta
620 2473 780 2539 eveniant
789 2523 801 2552 ‚
825 2475 911 2540 illoc
919 2476 1003 2565 fato
1016 2477 1124 2567 fieri]
1148 2483 1241 2550 Nihil

192 2582 320 2650 'certius
342 2590 392 2643 est
413 2577 571 2646 Lambini
594 2575 845 2652 emendatione,
869 2582 1140 2664 conjunctionem
1161 2606 1240 2650 cum

196 2682 349 2751 delentis
379 2681 431 2745 De
445 2674 682 2767 pa1t1culailla
696 2701 716 2742 a
731 2676 850 2742 libc‘
799 2679 878 2744 auis
892 2704 992 2770 saepe
1006 2683 1136 2752 intrusa
1150 2689 1239 2769 vide,

192 2808 282 2877 quae
300 2783 371 2850 dixi
386 2782 429 2848 ad
446 2781 590 2847 divinat.
607 2781 647 2846 ΙΙ
664 2779 715 2845 28.
740 2780 806 2846 Sed
822 2796 997 2869 praeterea
1011 2788 1142 2874 virgula
1159 2804 1239 2855 ante

117 2906 119 2911 ·
191 2881 313 2958 vocem
332 2886 384 2954 ito
404 2884 564 2967 delenda,
587 2895 661 2972 post
674 2883 768 2951 illam
780 2887 937 2974 ponenda
950 2901 1031 2954 erat.
1080 2892 1130 2957 Ea
1145 2895 1239 2959 enim

191 2991 351 3059 definitur
372 2987 509 3068 modus,
547 3009 612 3073 quo
639 3009 755 3053 causas
781 2983 985 3076 antegiessas
1004 3014 1073 3056 esse
1093 3007 1237 3082 oportet,

146 3105 238 3159 nt·
256 3115 312 3160 rec
325 3088 409 3183 fato
422 3087 811 3179 fieriJud1canduma1t
855 3093 958 3176 Vide,
981 3116 1066 3180 quae
1080 3098 1237 3185 proxime

102 3214 104 3219 “
189 3207 269 3264 ante
283 3197 458 3276 dicuntur,
482 3193 684 3283 omninoque
702 3214 781 3258 cnm
793 3193 880 3259 haec
893 3197 939 3260 eet
955 3196 1131 3262 dictinctio
1148 3210 1212 3263 cet.
1243 3280 1247 3291 1

277 3282 340 3368 Sed
361 3299 444 3365 haec
462 3296 657 3387 auspicandi
678 3296 763 3363 novi
783 3299 973 3366 studiorum
996 3323 1115 3367 cursus
1137 3324 1236 3368 causa
1330 3325 1333 3332 ·

187 3387 254 3471 itte
267 3401 429 3493 praefati,
451 3398 745 3483 vos‚”Auditores,·
764 3401 806 3466 ad
823 3399 1011 3471 emetienda
1024 3403 1136 3467 denuo
1150 3403 1235 3469 haec

101 3514 111 3533 ·
184 3508 530 3621 -etadiaarevocaptuez
553 3525 640 3590 quae
656 3526 718 3592 yos
735 3525 859 3590 quaeso
876 3529 915 3578 ea
928 3507 1049 3574 mentis
1062 3504 1235 3570 alacritate

186 3608 382 3695 viriumque
412 3608 488 3673 nisu
518 3600 703 3687 decurrite,
746 3606 808 3692 qui
837 3608 1014 3695 doctorum
1038 3620 1234 3675 vestrorum

121 3717 129 3721 ”
187 3720 267 3773 cum
291 3709 460 3776 maximae
484 3707 526 3772 de
543 3705 638 3772 vobis
662 3707 749 3773 bene
771 3691 927 3775 merendi
943 3710 1135 3823 voluntati,
1156 3722 1232 3778 tum

184 3809 383 3913 juatissimae
405 3809 648 3899 exspectationi
662 3812 892 3900 respondeat.

602 4007 807 4045 m
