2708 4636
72 535 75 539 ·
146 488 233 566 tima
262 499 377 563 autem
399 496 456 559 est
481 489 568 557 ratio
586 503 725 572 eorum,
759 488 822 577 qui
838 483 937 558 illam
957 496 1082 583 putant
1101 489 1190 561 circa

147 595 360 689 Olympiada
372 595 441 663 LX.
457 593 493 660 in
507 593 637 661 Italiam
651 593 788 673 uenisse.
838 594 954 662 Livius
969 597 1107 683 quidem
1118 599 1190 685 jam

145 702 268 783 Servio
291 698 407 767 Tullio
421 707 586 784 regnante
599 697 744 775 Romae,
765 693 856 763 circa
868 697 1104 785 Metapontum
1117 701 1190 768 tte-

146 795 364 888 nonamque
392 811 424 865 et
452 801 607 865 Crotona
625 798 789 883 juvenum
811 800 1058 866 aemulantium
1078 801 1191 867 studia

146 921 263 974 coetus
292 904 449 973 habuisse
473 901 577 968 tradit
594 900 637 988 *).
687 901 812 987 Aquo
826 903 1018 990 paullulum
1040 901 1191 983 dissentit

147 1012 288 1086 Cicero,
316 1009 389 1091 ejus
415 1006 453 1070 in
473 1005 547 1071 illas
569 1004 724 1089 regiones
743 1001 928 1068 adventum
948 1005 992 1070 ad
1010 1007 1190 1093 Tarquinii

146 1113 288 1181 demum
309 1107 457 1197 Superbi
482 1100 615 1197 tempus
635 1106 787 1172 referens
802 1110 868 1184 **),
890 1128 994 1193 quem
1016 1107 1081 1174 viri
1099 1109 1191 1177 docti

144 1208 366 1307 probabiliter
385 1222 508 1301 putant
530 1231 690 1296 regnasse
711 1220 786 1297 post
806 1209 1010 1298 Olympiada
1024 1201 1097 1279 LX.
1121 1212 1191 1301 Μ)

146 1316 254 1406 atqui
268 1316 333 1381 hac
347 1314 420 1403 ipsa
434 1310 641 1402 Olympiade
654 1312 849 1378 inclaruisse
862 1312 1106 1402 Pythagoram,
1125 1338 1191 1382 au.-

147 1429 221 1485 ctor
234 1428 286 1483 est
298 1415 466 1502 Diogenes
479 1415 636 1482 Laertius
650 1413 698 1502 †).
727 1415 1014 1499 inclamitantem
1029 1414 1190 1492 maxime.

147 1540 190 1587 ex
209 1515 332 1604 quoin
355 1518 453 1587 Italia
473 1519 588 1584 sedem
608 1517 746 1584 fixisset.
765 1590 770 1600 ¹
789 1519 888 1585 Unde
900 1520 998 1586 illum
1012 1517 1192 1608 postremis

145 1620 257 1690 Servii
277 1620 382 1687 Tullii
403 1615 499 1686 annis
519 1619 601 1684 illuc
617 1620 792 1705 migrasse,
813 1621 982 1710 probabili
995 1626 1192 1711 conjectura

147 1725 300 1794 efficitur.
345 1724 442 1791 liano
478 1721 619 1808 quidem
654 1725 822 1790 rationem
857 1723 1005 1793 deseruit
1035 1723 1191 1809 Ovidius,

145 1828 313 1916 aliamque
334 1837 470 1892 secutus
493 1836 560 1909 est,
588 1826 683 1891 nullo
703 1826 771 1893 alio
792 1823 1014 1895 fundamento
1035 1840 1192 1916 praeter·

145 1954 252 2020 quam
273 1926 407 2012 vulgari
433 1949 589 1993 sermone
611 1951 651 1993 ac
664 1928 846 1996 traditione
859 1931 998 1998 nixam:
1020 1936 1113 2019 quod
1126 1955 1190 2001 nec

145 2030 296 2107 inscitia,
318 2028 377 2090 sed
393 2027 534 2090 consilio
550 2029 679 2094 iactum
695 2043 760 2111 est,
780 2041 822 2094 ut
834 2054 897 2097 suo
913 2033 989 2098 loco
1001 2037 1191 2122 pluribus!
1271 2037 1274 2057 ⁴

148 2130 246 2198 nobis
279 2127 489 2193 ostendetur·
547 2129 754 2211 Migrationis
780 2140 896 2194 autem
920 2131 1010 2197 illius
1039 2158 1191 2205 caussam

67 2251 77 2287 ι’
148 2235 331 2322 scriptores
356 2229 457 2296 aliam
475 2227 534 2294 slii
552 2228 702 2294 tradunt.
751 2229 874 2298 Noster
893 2233 987 2298 illam
1011 2239 1190 2323 amplexus

147 2350 216 2417 est,
238 2357 327 2422 quae
347 2345 431 2400 esset
453 2331 655 2422 philosopho
676 2333 753 2418 tati,
783 2336 919 2420 qualem
941 2334 1044 2402 inisse
1064 2338 1191 2426 Pytha-¹

145 2463 263 2530 goram
286 2447 435 2520 constat,
472 2435 669 2522 dignissima
691 2435 824 2522 utique:
858 2440 896 2506 in
919 2460 1027 2527 eoque
1045 2462 1191 2508 consen-

92 2632 102 2639 *
144 2547 267 2619 tientes
289 2539 392 2606 habet
417 2552 573 2606 auctores
595 2563 674 2606 cum
694 2539 776 2605 alios
799 2542 984 2631 plurimos,
1011 2555 1086 2611 tum
1108 2558 1190 2634 gra-2

145 2647 319 2716 vissimum
332 2643 499 2731 'inprimis
523 2654 642 2708 testem
666 2642 931 2727 Aristoxenum,
961 2645 1021 2735 qui
1039 2648 1189 2716 illumin

145 2749 277 2817 ltaliam
297 2745 459 2828 abivisse,
489 2746 581 2833 quod
600 2746 789 2834 Polycratis
811 2748 1079 2816 dominationem
1093 2773 1190 2816 acer·

145 2852 295 2929 hierem,
324 2870 388 2914 nec
408 2854 476 2937 jam
498 2846 672 2914 ferendam
693 2845 825 2912 homini
846 2848 994 2933 ingenuo
1010 2873 1080 2917 esse
1092 2851 1190 2917 vide·

135 2967 215 3046 ret,
243 2950 335 3044 apud
361 2949 589 3038 Porphyrium
612 2960 756 3016 testatur
774 2946 848 3038 ††)·
905 2948 1044 3039 Quanta
1071 2964 1189 3019 autem

147 3138 355 3164 -ιη-ι--ἣ

181 3271 206 3342 ⁸)
224 3271 260 3325 L.
273 3270 295 3324 1.
305 3285 333 3321 e.
350 3274 394 3335 ¹8·
419 3346 421 3348 V
619 3339 621 3343 Ι

141 3386 142 3391 ’
180 3378 220 3444 ⁸⁴¹)
239 3365 517 3446 Tusc·qu.1.c.16.
1262 3430 1267 3440 ¹

139 3533 141 3537 .
182 3482 236 3549 w)
255 3481 339 3535 inno
354 3488 455 3547 quarto
471 3470 518 3528 os
531 3460 609 3527 ixi.
625 3466 741 3546 sapen
753 3470 881 3546 possum
896 3455 1109 3531 mnemon.
1126 3473 1192 3543 ns·
1246 3516 1256 3528 .

212 3564 292 3631 LIC.
308 3566 373 3617 Ant.
385 3565 469 3617 Rom.
482 3561 518 3618 L.
530 3559 581 3618 tv.
598 3559 778 3634 quiquidem
791 3561 969 3636 Pythagorae
978 3561 1009 3615 in
1022 3560 1133 3616 Italiam
1147 3560 1193 3616 ad·

215 3667 336 3711 ventum
349 3647 447 3703 multis
461 3645 541 3700 annis
561 3644 749 3718 antiquiorem
764 3645 839 3712 facit,
858 3646 1091 3721 quandoquidem
1106 3644 1192 3705 illum

214 3752 282 3816 post
294 3733 341 3790 Ol.
353 3737 387 3790 L.
401 3735 435 3790 in
449 3732 530 3789 Italis
548 3731 679 3788 docuisse
691 3733 727 3788 L.
741 3733 778 3787 11.
793 3731 889 3789 tradit.

235 3843 316 3898 VIII.
368 3874 377 3890 .
1019 3854 1039 3893 ‚1

180 3845 234 4019 ili)
251 3847 366 4001 modi
379 3897 514 3999 [AERT.
531 3938 923 4008 vm.5.-1³L11rlnc}1.
941 3901 975 3996 ds
982 3939 1077 4017 placit.
1087 3943 1191 4022 philos.

217 4039 241 4091 Ι,
260 4047 286 4099 5.
304 4031 335 4083 in
352 4022 414 4081 fine.
434 4050 469 4069 *-
486 4027 672 4083 PORPHYR.
692 4027 727 4083 ds
746 4027 805 4082 vita
826 4027 944 4104 Pythsg.
959 4042 986 4102 9.
1021 4029 1098 4087 Alias
1117 4053 1192 4090 csuss
1233 4012 1237 4034 ¹
1332 4014 1340 4044 i

216 4117 359 4179 missiset
377 4112 582 4180 JAMBLICH·
600 4123 644 4184 28.
661 4111 714 4188 qui
732 4110 837 4172 interes
849 4117 1046 4194 Pythagoram·
1057 4112 1191 4190 juvenem
1249 4107 1254 4123 ³
