<?xml version="1.0" encoding="UTF-8"?>
<!DOCTYPE html PUBLIC "-//W3C//DTD XHTML 1.0 Transitional//EN"
    "http://www.w3.org/TR/xhtml1/DTD/xhtml1-transitional.dtd">
<html xmlns="http://www.w3.org/1999/xhtml" xml:lang="en" lang="en">
 <head>
  <title>
</title>
<meta http-equiv="Content-Type" content="text/html;charset=utf-8" />
  <meta name='ocr-system' content='tesseract 3.04.00' />
  <meta name='ocr-capabilities' content='ocr_page ocr_carea ocr_par ocr_line ocrx_word'/>
</head>
<body>
  <div class='ocr_page' id='page_1' title='image "./jojachottingeri00hottgoog_0035.png"; bbox 0 0 2708 4636; ppageno 0'>
   <div class='ocr_carea' id='block_1_1' title="bbox 534 308 920 434">
    <p class='ocr_par' dir='ltr' id='par_1_1' title="bbox 534 308 920 434">
     <span class='ocr_line' id='line_1_1' title="bbox 534 308 920 434; baseline 0 -24"><span class='ocrx_word' id='word_1_1' title='bbox 534 308 920 434; x_wconf 33' lang='lat' dir='ltr'><strong>424ss,</strong></span> 
     </span>
    </p>
   </div>
   <div class='ocr_carea' id='block_1_2' title="bbox 70 500 1212 840">
    <p class='ocr_par' dir='ltr' id='par_1_2' title="bbox 179 500 1212 689">
     <span class='ocr_line' id='line_1_2' title="bbox 182 500 1212 604; baseline -0.005 -16"><span class='ocrx_word' id='word_1_2' title='bbox 182 549 197 561; x_wconf 61' lang='lat'><strong>¹*</strong></span> <span class='ocrx_word' id='word_1_3' title='bbox 216 516 305 589; x_wconf 79' lang='lat' dir='ltr'><strong>Jetzt</strong></span> <span class='ocrx_word' id='word_1_4' title='bbox 319 519 435 591; x_wconf 73' lang='lat' dir='ltr'><strong>lsiinnt’</strong></span> <span class='ocrx_word' id='word_1_5' title='bbox 452 515 507 580; x_wconf 82' lang='lat' dir='ltr'><strong>ich</strong></span> <span class='ocrx_word' id='word_1_6' title='bbox 522 500 609 593; x_wconf 76' lang='lat' dir='ltr'><strong>micli</strong></span> <span class='ocrx_word' id='word_1_7' title='bbox 622 535 663 574; x_wconf 83' lang='lat' dir='ltr'><strong>en</strong></span> <span class='ocrx_word' id='word_1_8' title='bbox 680 515 816 597; x_wconf 81' lang='lat' dir='ltr'><strong>Thyrsis</strong></span> <span class='ocrx_word' id='word_1_9' title='bbox 833 515 930 579; x_wconf 88' lang='lat' dir='ltr'><strong>Lieb’</strong></span> <span class='ocrx_word' id='word_1_10' title='bbox 946 502 1115 604; x_wconf 48' lang='lat' dir='ltr'><strong>ergdtzett„</strong></span> <span class='ocrx_word' id='word_1_11' title='bbox 1207 526 1212 533; x_wconf 80' lang='grc'><strong>’</strong></span> 
     </span>
     <span class='ocr_line' id='line_1_3' title="bbox 179 600 1068 689; baseline -0.001 -20"><span class='ocrx_word' id='word_1_12' title='bbox 179 653 183 661; x_wconf 73' lang='lat'><strong>.</strong></span> <span class='ocrx_word' id='word_1_13' title='bbox 259 609 330 668; x_wconf 90' lang='lat' dir='ltr'><strong>Der</strong></span> <span class='ocrx_word' id='word_1_14' title='bbox 346 606 474 666; x_wconf 75' lang='lat' dir='ltr'><strong>meineri</strong></span> <span class='ocrx_word' id='word_1_15' title='bbox 491 604 588 665; x_wconf 80' lang='lat' dir='ltr'><strong>Grem</strong></span> <span class='ocrx_word' id='word_1_16' title='bbox 602 623 642 662; x_wconf 82' lang='lat' dir='ltr'><strong>zu</strong></span> <span class='ocrx_word' id='word_1_17' title='bbox 657 600 785 662; x_wconf 87' lang='lat' dir='ltr'><strong>lindern</strong></span> <span class='ocrx_word' id='word_1_18' title='bbox 800 605 907 687; x_wconf 76' lang='lat' dir='ltr'><strong>liingst</strong></span> <span class='ocrx_word' id='word_1_19' title='bbox 923 603 1068 689; x_wconf 85' lang='lat' dir='ltr'><strong>begehrt.</strong></span> 
     </span>
    </p>

    <p class='ocr_par' dir='ltr' id='par_1_3' title="bbox 180 682 1128 772">
     <span class='ocr_line' id='line_1_4' title="bbox 180 682 1128 772; baseline -0.009 -17"><span class='ocrx_word' id='word_1_20' title='bbox 180 762 184 769; x_wconf 52' lang='grc'><em>,</em></span> <span class='ocrx_word' id='word_1_21' title='bbox 213 694 253 763; x_wconf 84' lang='lat' dir='ltr'><strong>Ja</strong></span> <span class='ocrx_word' id='word_1_22' title='bbox 270 691 406 772; x_wconf 81' lang='lat' dir='ltr'>Thyrsis</span> <span class='ocrx_word' id='word_1_23' title='bbox 418 686 490 752; x_wconf 86' lang='lat' dir='ltr'><strong>will</strong></span> <span class='ocrx_word' id='word_1_24' title='bbox 502 687 562 748; x_wconf 89' lang='lat' dir='ltr'><strong>mir</strong></span> <span class='ocrx_word' id='word_1_25' title='bbox 576 685 691 749; x_wconf 82' lang='lat' dir='ltr'><strong>Darnis</strong></span> <span class='ocrx_word' id='word_1_26' title='bbox 704 682 800 746; x_wconf 86' lang='lat' dir='ltr'><strong>Lieb’</strong></span> <span class='ocrx_word' id='word_1_27' title='bbox 817 703 974 763; x_wconf 86' lang='lat' dir='ltr'><strong>ersetzen‚</strong></span> <span class='ocrx_word' id='word_1_28' title='bbox 1120 750 1128 760; x_wconf 54' lang='grc'>,</span> 
     </span>
    </p>

    <p class='ocr_par' dir='ltr' id='par_1_4' title="bbox 70 771 1076 840">
     <span class='ocr_line' id='line_1_5' title="bbox 70 771 1076 840; baseline -0.001 0"><span class='ocrx_word' id='word_1_29' title='bbox 70 813 77 822; x_wconf 90' lang='grc'>-</span> <span class='ocrx_word' id='word_1_30' title='bbox 159 791 161 796; x_wconf 85' lang='grc'><strong>“</strong></span> <span class='ocrx_word' id='word_1_31' title='bbox 258 776 336 840; x_wconf 89' lang='lat' dir='ltr'><strong>Und</strong></span> <span class='ocrx_word' id='word_1_32' title='bbox 349 774 424 839; x_wconf 88' lang='lat' dir='ltr'><strong>ach!</strong></span> <span class='ocrx_word' id='word_1_33' title='bbox 437 774 518 836; x_wconf 72' lang='lat' dir='ltr'><strong>sein</strong></span> <span class='ocrx_word' id='word_1_34' title='bbox 531 771 614 834; x_wconf 80' lang='lat' dir='ltr'><strong>Kuss</strong></span> <span class='ocrx_word' id='word_1_35' title='bbox 626 773 707 834; x_wconf 76' lang='lat' dir='ltr'><strong>wdr’</strong></span> <span class='ocrx_word' id='word_1_36' title='bbox 726 771 816 834; x_wconf 86' lang='lat' dir='ltr'><strong>einer</strong></span> <span class='ocrx_word' id='word_1_37' title='bbox 831 771 941 834; x_wconf 86' lang='lat' dir='ltr'><strong>Siinde</strong></span> <span class='ocrx_word' id='word_1_38' title='bbox 958 775 1076 839; x_wconf 84' lang='lat' dir='ltr'><strong>werth.</strong></span> 
     </span>
    </p>
   </div>
   <div class='ocr_carea' id='block_1_3' title="bbox 161 923 1252 1327">
    <p class='ocr_par' dir='ltr' id='par_1_5' title="bbox 161 923 1252 1327">
     <span class='ocr_line' id='line_1_6' title="bbox 169 923 1219 1014; baseline -0.002 -12"><span class='ocrx_word' id='word_1_39' title='bbox 169 923 363 1002; x_wconf 80' lang='lat' dir='ltr'><strong>Postremus</strong></span> <span class='ocrx_word' id='word_1_40' title='bbox 373 931 490 1014; x_wconf 83' lang='lat' dir='ltr'><strong>itaque</strong></span> <span class='ocrx_word' id='word_1_41' title='bbox 505 940 623 992; x_wconf 81' lang='lat' dir='ltr'><strong>versus</strong></span> <span class='ocrx_word' id='word_1_42' title='bbox 636 947 829 1012; x_wconf 82' lang='lat' dir='ltr'><strong>quanquam</strong></span> <span class='ocrx_word' id='word_1_43' title='bbox 848 948 1007 1011; x_wconf 85' lang='lat' dir='ltr'><strong>magnam</strong></span> <span class='ocrx_word' id='word_1_44' title='bbox 1024 930 1124 998; x_wconf 85' lang='lat' dir='ltr'><strong>habet</strong></span> <span class='ocrx_word' id='word_1_45' title='bbox 1137 953 1219 1004; x_wconf 84' lang='lat' dir='ltr'><strong>eum</strong></span> 
     </span>
     <span class='ocr_line' id='line_1_7' title="bbox 161 1026 1221 1124; baseline -0.008 -23"><span class='ocrx_word' id='word_1_46' title='bbox 161 1035 297 1104; x_wconf 86' lang='lat' dir='ltr'><strong>&#39;Lucani</strong></span> <span class='ocrx_word' id='word_1_47' title='bbox 311 1035 367 1099; x_wconf 88' lang='lat' dir='ltr'><strong>illa</strong></span> <span class='ocrx_word' id='word_1_48' title='bbox 381 1032 546 1098; x_wconf 84' lang='lat' dir='ltr'><strong>sententia</strong></span> <span class='ocrx_word' id='word_1_49' title='bbox 560 1026 776 1109; x_wconf 83' lang='lat' dir='ltr'><strong>adfinitatem,</strong></span> <span class='ocrx_word' id='word_1_50' title='bbox 798 1039 914 1094; x_wconf 83' lang='lat' dir='ltr'><strong>tamen</strong></span> <span class='ocrx_word' id='word_1_51' title='bbox 929 1032 976 1100; x_wconf 85' lang='lat' dir='ltr'><strong>ita</strong></span> <span class='ocrx_word' id='word_1_52' title='bbox 990 1054 1127 1118; x_wconf 88' lang='lat' dir='ltr'><strong>prorsus</strong></span> <span class='ocrx_word' id='word_1_53' title='bbox 1139 1039 1221 1124; x_wconf 74' lang='lat' dir='ltr'><strong>pla.</strong></span> 
     </span>
     <span class='ocr_line' id='line_1_8' title="bbox 169 1129 1252 1224; baseline -0.001 -19"><span class='ocrx_word' id='word_1_54' title='bbox 169 1151 238 1219; x_wconf 86' lang='lat' dir='ltr'><strong>cet,</strong></span> <span class='ocrx_word' id='word_1_55' title='bbox 265 1134 549 1224; x_wconf 84' lang='lat' dir='ltr'><strong>quemadmodum</strong></span> <span class='ocrx_word' id='word_1_56' title='bbox 575 1153 675 1216; x_wconf 86' lang='lat' dir='ltr'><strong>saepe</strong></span> <span class='ocrx_word' id='word_1_57' title='bbox 698 1129 734 1194; x_wconf 91' lang='lat' dir='ltr'><strong>in</strong></span> <span class='ocrx_word' id='word_1_58' title='bbox 754 1130 823 1195; x_wconf 77' lang='lat' dir='ltr'><strong>vite</strong></span> <span class='ocrx_word' id='word_1_59' title='bbox 844 1131 1034 1199; x_wconf 88' lang='lat' dir='ltr'><strong>multorum</strong></span> <span class='ocrx_word' id='word_1_60' title='bbox 1059 1136 1217 1208; x_wconf 80' lang='lat' dir='ltr'><strong>lascivius</strong></span> <span class='ocrx_word' id='word_1_61' title='bbox 1250 1130 1252 1133; x_wconf 31' lang='lat'>⁸</span> 
     </span>
     <span class='ocr_line' id='line_1_9' title="bbox 169 1231 1216 1327; baseline -0.001 -21"><span class='ocrx_word' id='word_1_62' title='bbox 169 1253 229 1307; x_wconf 88' lang='lat' dir='ltr'><strong>aut</strong></span> <span class='ocrx_word' id='word_1_63' title='bbox 255 1240 396 1327; x_wconf 87' lang='lat' dir='ltr'><strong>nequius</strong></span> <span class='ocrx_word' id='word_1_64' title='bbox 435 1236 601 1302; x_wconf 85' lang='lat' dir='ltr'><strong>dictorum</strong></span> <span class='ocrx_word' id='word_1_65' title='bbox 626 1231 833 1321; x_wconf 73' lang='lat' dir='ltr'><strong>petulantiae</strong></span> <span class='ocrx_word' id='word_1_66' title='bbox 858 1234 1063 1320; x_wconf 69' lang='lat' dir='ltr'><strong>assidemus,</strong></span> <span class='ocrx_word' id='word_1_67' title='bbox 1097 1241 1216 1308; x_wconf 88' lang='lat' dir='ltr'><strong>eadem</strong></span> 
     </span>
    </p>
   </div>
   <div class='ocr_carea' id='block_1_4' title="bbox 164 1331 837 1439">
    <p class='ocr_par' dir='ltr' id='par_1_6' title="bbox 164 1331 837 1439">
     <span class='ocr_line' id='line_1_10' title="bbox 164 1331 837 1439; baseline -0.018 -27"><span class='ocrx_word' id='word_1_68' title='bbox 164 1346 255 1412; x_wconf 78' lang='lat' dir='ltr'><strong>serio</strong></span> <span class='ocrx_word' id='word_1_69' title='bbox 270 1344 357 1409; x_wconf 87' lang='lat' dir='ltr'><strong>dicta</strong></span> <span class='ocrx_word' id='word_1_70' title='bbox 367 1331 550 1439; x_wconf 12' lang='lat' dir='ltr'><strong>*nunquam</strong></span> <span class='ocrx_word' id='word_1_71' title='bbox 564 1334 796 1438; x_wconf 74' lang='lat' dir='ltr'><strong>adprobatum.</strong></span> <span class='ocrx_word' id='word_1_72' title='bbox 834 1409 837 1416; x_wconf 48' lang='grc'><strong>,</strong></span> 
     </span>
    </p>
   </div>
   <div class='ocr_carea' id='block_1_5' title="bbox 66 1525 1270 2235">
    <p class='ocr_par' dir='ltr' id='par_1_7' title="bbox 66 1525 1270 2235">
     <span class='ocr_line' id='line_1_11' title="bbox 192 1525 1218 1614; baseline -0.001 -15"><span class='ocrx_word' id='word_1_73' title='bbox 192 1579 198 1589; x_wconf 83' lang='lat'>-</span> <span class='ocrx_word' id='word_1_74' title='bbox 251 1532 319 1601; x_wconf 86' lang='lat' dir='ltr'><strong>Sed</strong></span> <span class='ocrx_word' id='word_1_75' title='bbox 340 1529 377 1596; x_wconf 92' lang='lat' dir='ltr'><strong>in</strong></span> <span class='ocrx_word' id='word_1_76' title='bbox 397 1527 567 1595; x_wconf 83' lang='lat' dir='ltr'><strong>luminum</strong></span> <span class='ocrx_word' id='word_1_77' title='bbox 587 1527 693 1593; x_wconf 89' lang='lat' dir='ltr'><strong>isthoc</strong></span> <span class='ocrx_word' id='word_1_78' title='bbox 714 1549 848 1614; x_wconf 82' lang='lat' dir='ltr'><strong>genere,</strong></span> <span class='ocrx_word' id='word_1_79' title='bbox 871 1529 966 1614; x_wconf 85' lang='lat' dir='ltr'><strong>cujus</strong></span> <span class='ocrx_word' id='word_1_80' title='bbox 986 1525 1110 1595; x_wconf 84' lang='lat' dir='ltr'><strong>falsitas</strong></span> <span class='ocrx_word' id='word_1_81' title='bbox 1125 1531 1218 1598; x_wconf 87' lang='lat' dir='ltr'><strong>inest</strong></span> 
     </span>
     <span class='ocr_line' id='line_1_12' title="bbox 66 1625 1214 1719; baseline -0.006 -12"><span class='ocrx_word' id='word_1_82' title='bbox 66 1648 68 1662; x_wconf 93' lang='lat'>&#39;</span> <span class='ocrx_word' id='word_1_83' title='bbox 164 1640 202 1707; x_wconf 90' lang='lat' dir='ltr'><strong>in</strong></span> <span class='ocrx_word' id='word_1_84' title='bbox 228 1638 330 1705; x_wconf 88' lang='lat' dir='ltr'><strong>rebus</strong></span> <span class='ocrx_word' id='word_1_85' title='bbox 354 1631 451 1719; x_wconf 85' lang='lat' dir='ltr'><strong>ipsis,</strong></span> <span class='ocrx_word' id='word_1_86' title='bbox 489 1631 630 1697; x_wconf 88' lang='lat' dir='ltr'><strong>nullum·</strong></span> <span class='ocrx_word' id='word_1_87' title='bbox 652 1625 1005 1717; x_wconf 53' lang='lat' dir='ltr'><strong>frequentius&#39;neque</strong></span> <span class='ocrx_word' id='word_1_88' title='bbox 1032 1633 1214 1701; x_wconf 75' lang='lat' dir='ltr'><strong>absurdius</strong></span> 
     </span>
     <span class='ocr_line' id='line_1_13' title="bbox 163 1730 1213 1821; baseline -0.004 -15"><span class='ocrx_word' id='word_1_89' title='bbox 163 1739 287 1806; x_wconf 83' lang='lat' dir='ltr'><strong>vitium</strong></span> <span class='ocrx_word' id='word_1_90' title='bbox 310 1747 358 1802; x_wconf 89' lang='lat' dir='ltr'><strong>est</strong></span> <span class='ocrx_word' id='word_1_91' title='bbox 368 1735 440 1818; x_wconf 85' lang='lat' dir='ltr'><strong>illo,</strong></span> <span class='ocrx_word' id='word_1_92' title='bbox 464 1732 554 1821; x_wconf 91' lang='lat' dir='ltr'><strong>quod</strong></span> <span class='ocrx_word' id='word_1_93' title='bbox 570 1730 679 1797; x_wconf 86' lang='lat' dir='ltr'><strong>oritur</strong></span> <span class='ocrx_word' id='word_1_94' title='bbox 695 1754 738 1796; x_wconf 85' lang='lat' dir='ltr'><strong>ex</strong></span> <span class='ocrx_word' id='word_1_95' title='bbox 757 1730 956 1796; x_wconf 87' lang='lat' dir='ltr'><strong>confusione</strong></span> <span class='ocrx_word' id='word_1_96' title='bbox 967 1734 1117 1818; x_wconf 85' lang='lat' dir='ltr'><strong>eorporis</strong></span> <span class='ocrx_word' id='word_1_97' title='bbox 1132 1740 1213 1804; x_wconf 84' lang='lat' dir='ltr'><strong>eum</strong></span> 
     </span>
     <span class='ocr_line' id='line_1_14' title="bbox 162 1834 1214 1927; baseline -0.003 -19"><span class='ocrx_word' id='word_1_98' title='bbox 162 1842 292 1922; x_wconf 89' lang='lat' dir='ltr'><strong>animo,</strong></span> <span class='ocrx_word' id='word_1_99' title='bbox 314 1861 500 1926; x_wconf 84' lang='lat' dir='ltr'><strong>rerumque</strong></span> <span class='ocrx_word' id='word_1_100' title='bbox 523 1856 766 1927; x_wconf 68' lang='lat' dir='ltr'><strong>corporearum</strong></span> <span class='ocrx_word' id='word_1_101' title='bbox 787 1856 866 1898; x_wconf 88' lang='lat' dir='ltr'><strong>cum</strong></span> <span class='ocrx_word' id='word_1_102' title='bbox 881 1834 920 1899; x_wconf 92' lang='lat' dir='ltr'><strong>iis</strong></span> <span class='ocrx_word' id='word_1_103' title='bbox 936 1859 1023 1922; x_wconf 87' lang='lat' dir='ltr'><strong>quae</strong></span> <span class='ocrx_word' id='word_1_104' title='bbox 1037 1839 1080 1902; x_wconf 85' lang='lat' dir='ltr'><strong>ad</strong></span> <span class='ocrx_word' id='word_1_105' title='bbox 1095 1860 1214 1905; x_wconf 85' lang='lat' dir='ltr'><strong>sensus</strong></span> 
     </span>
     <span class='ocr_line' id='line_1_15' title="bbox 162 1935 1213 2032; baseline -0.002 -22"><span class='ocrx_word' id='word_1_106' title='bbox 162 1966 235 2029; x_wconf 81' lang='lat' dir='ltr'><strong>noq</strong></span> <span class='ocrx_word' id='word_1_107' title='bbox 248 1940 433 2032; x_wconf 78' lang='lat' dir='ltr'><strong>pertinent.</strong></span> <span class='ocrx_word' id='word_1_108' title='bbox 469 1941 520 2006; x_wconf 84' lang='lat' dir='ltr'><strong>Ite</strong></span> <span class='ocrx_word' id='word_1_109' title='bbox 535 1938 641 2004; x_wconf 90' lang='lat' dir='ltr'><strong>semel</strong></span> <span class='ocrx_word' id='word_1_110' title='bbox 655 1935 746 2000; x_wconf 82' lang='lat' dir='ltr'><strong>certe</strong></span> <span class='ocrx_word' id='word_1_111' title='bbox 762 1935 895 2024; x_wconf 88' lang='lat' dir='ltr'><strong>ineptus</strong></span> <span class='ocrx_word' id='word_1_112' title='bbox 911 1935 979 2003; x_wconf 84' lang='lat' dir='ltr'><strong>fuit</strong></span> <span class='ocrx_word' id='word_1_113' title='bbox 995 1938 1065 2026; x_wconf 87' lang='lat' dir='ltr'><strong>ipse</strong></span> <span class='ocrx_word' id='word_1_114' title='bbox 1079 1940 1213 2027; x_wconf 79' lang='lat' dir='ltr'><strong>cicero,-</strong></span> 
     </span>
     <span class='ocr_line' id='line_1_16' title="bbox 162 2039 1210 2131; baseline -0.003 -18"><span class='ocrx_word' id='word_1_115' title='bbox 162 2053 265 2114; x_wconf 71' lang='lat' dir='ltr'><strong>s‘anee</strong></span> <span class='ocrx_word' id='word_1_116' title='bbox 285 2043 499 2131; x_wconf 86' lang='lat' dir='ltr'><strong>eloquentiae</strong></span> <span class='ocrx_word' id='word_1_117' title='bbox 515 2052 550 2106; x_wconf 88' lang='lat' dir='ltr'><strong>et</strong></span> <span class='ocrx_word' id='word_1_118' title='bbox 570 2041 766 2126; x_wconf 84' lang='lat' dir='ltr'><strong>exemplum</strong></span> <span class='ocrx_word' id='word_1_119' title='bbox 794 2051 828 2103; x_wconf 88' lang='lat' dir='ltr'><strong>et</strong></span> <span class='ocrx_word' id='word_1_120' title='bbox 854 2039 1014 2128; x_wconf 84' lang='lat' dir='ltr'><strong>magister</strong></span> <span class='ocrx_word' id='word_1_121' title='bbox 1044 2065 1210 2110; x_wconf 85' lang='lat' dir='ltr'><strong>summus.</strong></span> 
     </span>
     <span class='ocr_line' id='line_1_17' title="bbox 159 2140 1270 2235; baseline -0.006 -19"><span class='ocrx_word' id='word_1_122' title='bbox 159 2150 250 2218; x_wconf 78' lang='lat' dir='ltr'><strong>Nam</strong></span> <span class='ocrx_word' id='word_1_123' title='bbox 276 2147 315 2214; x_wconf 86' lang='lat' dir='ltr'><strong>in</strong></span> <span class='ocrx_word' id='word_1_124' title='bbox 332 2145 484 2213; x_wconf 82' lang='lat' dir='ltr'><strong>oratione</strong></span> <span class='ocrx_word' id='word_1_125' title='bbox 494 2167 560 2234; x_wconf 90' lang='lat' dir='ltr'><strong>pro</strong></span> <span class='ocrx_word' id='word_1_126' title='bbox 579 2143 699 2211; x_wconf 88' lang='lat' dir='ltr'><strong>Roscio</strong></span> <span class='ocrx_word' id='word_1_127' title='bbox 711 2140 874 2209; x_wconf 84' lang='lat' dir='ltr'><strong>Amerino</strong></span> <span class='ocrx_word' id='word_1_128' title='bbox 888 2144 1023 2210; x_wconf 83' lang='lat' dir='ltr'><strong>loeutus</strong></span> <span class='ocrx_word' id='word_1_129' title='bbox 1038 2144 1081 2210; x_wconf 89' lang='lat' dir='ltr'><strong>de</strong></span> <span class='ocrx_word' id='word_1_130' title='bbox 1094 2145 1213 2235; x_wconf 77' lang='lat' dir='ltr'><strong>perri-</strong></span> <span class='ocrx_word' id='word_1_131' title='bbox 1267 2180 1270 2187; x_wconf 94' lang='lat'>·</span> 
     </span>
    </p>
   </div>
   <div class='ocr_carea' id='block_1_6' title="bbox 161 2245 1314 2338">
    <p class='ocr_par' dir='ltr' id='par_1_8' title="bbox 161 2245 1314 2338">
     <span class='ocr_line' id='line_1_18' title="bbox 161 2245 1314 2338; baseline -0.005 -19"><span class='ocrx_word' id='word_1_132' title='bbox 161 2251 316 2319; x_wconf 79' lang='lat' dir='ltr'><strong>citarum</strong></span> <span class='ocrx_word' id='word_1_133' title='bbox 339 2248 520 2338; x_wconf 82' lang='lat' dir='ltr'><strong>supplicio,</strong></span> <span class='ocrx_word' id='word_1_134' title='bbox 543 2271 625 2337; x_wconf 92' lang='lat' dir='ltr'><strong>quos</strong></span> <span class='ocrx_word' id='word_1_135' title='bbox 640 2248 785 2333; x_wconf 87' lang='lat' dir='ltr'><strong>majores</strong></span> <span class='ocrx_word' id='word_1_136' title='bbox 801 2245 943 2337; x_wconf 15' lang='lat' dir='ltr'><strong>insui‘in</strong></span> <span class='ocrx_word' id='word_1_137' title='bbox 961 2246 1210 2327; x_wconf 84' lang='lat' dir='ltr'><strong>euleumvivos</strong></span> <span class='ocrx_word' id='word_1_138' title='bbox 1309 2282 1314 2290; x_wconf 84' lang='lat'>·</span> 
     </span>
    </p>
   </div>
   <div class='ocr_carea' id='block_1_7' title="bbox 66 2348 1290 4193">
    <p class='ocr_par' dir='ltr' id='par_1_9' title="bbox 66 2348 1290 4193">
     <span class='ocr_line' id='line_1_19' title="bbox 160 2348 1211 2452; baseline -0.011 -31"><span class='ocrx_word' id='word_1_139' title='bbox 160 2367 263 2441; x_wconf 82' lang='lat' dir='ltr'><strong>etque</strong></span> <span class='ocrx_word' id='word_1_140' title='bbox 285 2353 333 2419; x_wconf 84' lang='lat' dir='ltr'><strong>ita</strong></span> <span class='ocrx_word' id='word_1_141' title='bbox 351 2351 533 2418; x_wconf 79' lang='lat' dir='ltr'><strong>indumen</strong></span> <span class='ocrx_word' id='word_1_142' title='bbox 550 2350 649 2436; x_wconf 87' lang='lat' dir='ltr'><strong>abjici</strong></span> <span class='ocrx_word' id='word_1_143' title='bbox 663 2349 864 2427; x_wconf 82' lang='lat' dir='ltr'><strong>voluissent3</strong></span> <span class='ocrx_word' id='word_1_144' title='bbox 879 2348 958 2452; x_wconf 39' lang='lat' dir='ltr'><strong>‘ejus</strong></span> <span class='ocrx_word' id='word_1_145' title='bbox 970 2370 1102 2435; x_wconf 87' lang='lat' dir='ltr'><strong>poenae</strong></span> <span class='ocrx_word' id='word_1_146' title='bbox 1117 2351 1211 2439; x_wconf 74' lang='lat' dir='ltr'><strong>sapi..</strong></span> 
     </span>
     <span class='ocr_line' id='line_1_20' title="bbox 112 2447 1209 2543; baseline -0.01 -20"><span class='ocrx_word' id='word_1_147' title='bbox 112 2466 123 2475; x_wconf 80' lang='grc'><strong>“’</strong></span> <span class='ocrx_word' id='word_1_148' title='bbox 159 2456 285 2523; x_wconf 85' lang='lat' dir='ltr'><strong>entiam</strong></span> <span class='ocrx_word' id='word_1_149' title='bbox 319 2455 483 2520; x_wconf 81' lang='lat' dir='ltr'><strong>extollens</strong></span> <span class='ocrx_word' id='word_1_150' title='bbox 518 2450 582 2518; x_wconf 80' lang='lat' dir='ltr'><strong>ite·</strong></span> <span class='ocrx_word' id='word_1_151' title='bbox 599 2450 728 2541; x_wconf 84' lang='lat' dir='ltr'><strong>pergit:</strong></span> <span class='ocrx_word' id='word_1_152' title='bbox 765 2447 1035 2540; x_wconf 75' lang='lat' dir='ltr'><strong>O&#39;singularqm</strong></span> <span class='ocrx_word' id='word_1_153' title='bbox 1064 2455 1209 2543; x_wconf 71' lang='lat' dir='ltr'><strong>sopien-</strong></span> 
     </span>
     <span class='ocr_line' id='line_1_21' title="bbox 92 2550 1209 2648; baseline 0.001 -23"><span class='ocrx_word' id='word_1_154' title='bbox 92 2550 94 2555; x_wconf 55' lang='grc'><strong>’</strong></span> <span class='ocrx_word' id='word_1_155' title='bbox 157 2550 269 2638; x_wconf 76' lang='lat' dir='ltr'><strong>tiam,</strong></span> <span class='ocrx_word' id='word_1_156' title='bbox 288 2556 455 2648; x_wconf 85' lang='lat' dir='ltr'><strong>judiees!</strong></span> <span class='ocrx_word' id='word_1_157' title='bbox 482 2552 607 2623; x_wconf 83' lang='lat' dir='ltr'><strong>Nonne</strong></span> <span class='ocrx_word' id='word_1_158' title='bbox 639 2553 802 2622; x_wconf 79' lang='lat' dir='ltr'><strong>videntur</strong></span> <span class='ocrx_word' id='word_1_159' title='bbox 834 2556 925 2622; x_wconf 79' lang='lat' dir='ltr'><strong>hune</strong></span> <span class='ocrx_word' id='word_1_160' title='bbox 959 2556 1136 2622; x_wconf 79' lang='lat' dir='ltr'><strong>hominem</strong></span> <span class='ocrx_word' id='word_1_161' title='bbox 1163 2583 1209 2626; x_wconf 76' lang='lat' dir='ltr'><strong>es·</strong></span> 
     </span>
     <span class='ocr_line' id='line_1_22' title="bbox 157 2653 1207 2745; baseline -0.012 -17"><span class='ocrx_word' id='word_1_162' title='bbox 157 2654 276 2728; x_wconf 68' lang='lat' dir='ltr'><strong>rernm</strong></span> <span class='ocrx_word' id='word_1_163' title='bbox 325 2672 454 2726; x_wconf 78' lang='lat' dir='ltr'><strong>natura</strong></span> <span class='ocrx_word' id='word_1_164' title='bbox 499 2653 679 2730; x_wconf 79' lang='lat' dir='ltr'><strong>sustulisse</strong></span> <span class='ocrx_word' id='word_1_165' title='bbox 731 2667 783 2722; x_wconf 83' lang='lat' dir='ltr'><strong>et.</strong></span> <span class='ocrx_word' id='word_1_166' title='bbox 805 2658 994 2745; x_wconf 73' lang='lat' dir='ltr'><strong>eripuisse,</strong></span> <span class='ocrx_word' id='word_1_167' title='bbox 1048 2663 1107 2729; x_wconf 60' lang='lat' dir='ltr'><strong>oui</strong></span> <span class='ocrx_word' id='word_1_168' title='bbox 1146 2688 1207 2730; x_wconf 56' lang='lat' dir='ltr'><strong>res</strong></span> 
     </span>
     <span class='ocr_line' id='line_1_23' title="bbox 66 2750 1209 2855; baseline 0.004 -25"><span class='ocrx_word' id='word_1_169' title='bbox 66 2750 68 2754; x_wconf 33' lang='lat'>¹</span> <span class='ocrx_word' id='word_1_170' title='bbox 153 2775 259 2854; x_wconf 82' lang='lat' dir='ltr'><strong>pente</strong></span> <span class='ocrx_word' id='word_1_171' title='bbox 282 2758 438 2844; x_wconf 82' lang='lat' dir='ltr'><strong>coelum,</strong></span> <span class='ocrx_word' id='word_1_172' title='bbox 455 2762 591 2845; x_wconf 81' lang='lat' dir='ltr'><strong>solem,</strong></span> <span class='ocrx_word' id='word_1_173' title='bbox 615 2764 743 2852; x_wconf 74' lang='lat' dir='ltr'><strong>aquom</strong></span> <span class='ocrx_word' id='word_1_174' title='bbox 759 2772 957 2851; x_wconf 82' lang='lat' dir='ltr'><strong>terramque</strong></span> <span class='ocrx_word' id='word_1_175' title='bbox 973 2763 1209 2855; x_wconf 81' lang='lat' dir='ltr'><strong>ademerunt?</strong></span> 
     </span>
     <span class='ocr_line' id='line_1_24' title="bbox 154 2859 1207 2958; baseline 0.007 -26"><span class='ocrx_word' id='word_1_176' title='bbox 154 2877 196 2932; x_wconf 80' lang='lat' dir='ltr'><strong>ut</strong></span> <span class='ocrx_word' id='word_1_177' title='bbox 215 2867 275 2958; x_wconf 85' lang='lat' dir='ltr'><strong>qni</strong></span> <span class='ocrx_word' id='word_1_178' title='bbox 293 2890 372 2932; x_wconf 83' lang='lat' dir='ltr'><strong>eum</strong></span> <span class='ocrx_word' id='word_1_179' title='bbox 393 2859 579 2946; x_wconf 72' lang='lat' dir='ltr'><strong>nescisset,</strong></span> <span class='ocrx_word' id='word_1_180' title='bbox 594 2866 684 2932; x_wconf 82' lang='lat' dir='ltr'><strong>unde</strong></span> <span class='ocrx_word' id='word_1_181' title='bbox 710 2865 782 2954; x_wconf 86' lang='lat' dir='ltr'><strong>ipse</strong></span> <span class='ocrx_word' id='word_1_182' title='bbox 807 2876 910 2932; x_wconf 80' lang='lat' dir='ltr'><strong>natus</strong></span> <span class='ocrx_word' id='word_1_183' title='bbox 934 2878 1043 2948; x_wconf 82' lang='lat' dir='ltr'><strong>esset,</strong></span> <span class='ocrx_word' id='word_1_184' title='bbox 1058 2883 1207 2941; x_wconf 37' lang='lat' dir='ltr'><strong>,careret</strong></span> 
     </span>
     <span class='ocr_line' id='line_1_25' title="bbox 154 2968 1208 3061; baseline 0.007 -28"><span class='ocrx_word' id='word_1_185' title='bbox 154 2968 201 3034; x_wconf 82' lang='lat' dir='ltr'><strong>iis</strong></span> <span class='ocrx_word' id='word_1_186' title='bbox 219 2969 319 3036; x_wconf 82' lang='lat' dir='ltr'><strong>rebus</strong></span> <span class='ocrx_word' id='word_1_187' title='bbox 340 2969 515 3050; x_wconf 71' lang='lat' dir='ltr'><strong>omnibns,</strong></span> <span class='ocrx_word' id='word_1_188' title='bbox 540 2993 584 3037; x_wconf 83' lang='lat' dir='ltr'><strong>ex</strong></span> <span class='ocrx_word' id='word_1_189' title='bbox 604 2969 725 3061; x_wconf 79' lang='lat' dir='ltr'><strong>quibus</strong></span> <span class='ocrx_word' id='word_1_190' title='bbox 740 2971 859 3036; x_wconf 86' lang='lat' dir='ltr'><strong>omnin</strong></span> <span class='ocrx_word' id='word_1_191' title='bbox 875 2981 961 3034; x_wconf 84' lang='lat' dir='ltr'><strong>noto</strong></span> <span class='ocrx_word' id='word_1_192' title='bbox 982 2993 1055 3035; x_wconf 87' lang='lat' dir='ltr'><strong>esse</strong></span> <span class='ocrx_word' id='word_1_193' title='bbox 1077 2971 1208 3040; x_wconf 59' lang='lat' dir='ltr'><strong>dicun-³</strong></span> 
     </span>
     <span class='ocr_line' id='line_1_26' title="bbox 152 3066 1203 3165; baseline 0.005 -29"><span class='ocrx_word' id='word_1_194' title='bbox 152 3068 220 3138; x_wconf 72' lang='lat' dir='ltr'><strong>tur.</strong></span> <span class='ocrx_word' id='word_1_195' title='bbox 254 3071 465 3140; x_wconf 62' lang='grc' dir='ltr'><strong>ΙΝοῖιιιενίιηι</strong></span> <span class='ocrx_word' id='word_1_196' title='bbox 478 3066 573 3162; x_wconf 83' lang='lat' dir='ltr'><strong>feris</strong></span> <span class='ocrx_word' id='word_1_197' title='bbox 595 3097 727 3163; x_wconf 80' lang='lat' dir='ltr'><strong>corpus¹</strong></span> <span class='ocrx_word' id='word_1_198' title='bbox 736 3069 901 3164; x_wconf 81' lang='lat' dir='ltr'><strong>objicere,</strong></span> <span class='ocrx_word' id='word_1_199' title='bbox 923 3097 966 3138; x_wconf 88' lang='lat' dir='ltr'><strong>ne</strong></span> <span class='ocrx_word' id='word_1_200' title='bbox 982 3073 1100 3139; x_wconf 80' lang='lat' dir='ltr'><strong>bestiis</strong></span> <span class='ocrx_word' id='word_1_201' title='bbox 1115 3078 1203 3165; x_wconf 80' lang='lat' dir='ltr'><strong>qno-</strong></span> 
     </span>
     <span class='ocr_line' id='line_1_27' title="bbox 152 3175 1203 3267; baseline 0.004 -27"><span class='ocrx_word' id='word_1_202' title='bbox 152 3191 238 3266; x_wconf 67' lang='lat' dir='ltr'><strong>que,</strong></span> <span class='ocrx_word' id='word_1_203' title='bbox 268 3197 356 3264; x_wconf 81' lang='lat' dir='ltr'><strong>quoe</strong></span> <span class='ocrx_word' id='word_1_204' title='bbox 381 3185 517 3241; x_wconf 83' lang='lat' dir='ltr'><strong>tontum</strong></span> <span class='ocrx_word' id='word_1_205' title='bbox 537 3177 651 3242; x_wconf 81' lang='lat' dir='ltr'><strong>scelus</strong></span> <span class='ocrx_word' id='word_1_206' title='bbox 679 3176 897 3267; x_wconf 74' lang='lat' dir='ltr'><strong>attigissent,</strong></span> <span class='ocrx_word' id='word_1_207' title='bbox 938 3175 1203 3244; x_wconf 80' lang='lat' dir='ltr'><strong>immanioribus</strong></span> 
     </span>
     <span class='ocr_line' id='line_1_28' title="bbox 150 3278 1199 3371; baseline 0.002 -28"><span class='ocrx_word' id='word_1_208' title='bbox 150 3290 350 3345; x_wconf 80' lang='lat' dir='ltr'><strong>uteremur.-</strong></span> <span class='ocrx_word' id='word_1_209' title='bbox 379 3303 446 3345; x_wconf 87' lang='lat' dir='ltr'><strong>non</strong></span> <span class='ocrx_word' id='word_1_210' title='bbox 466 3279 516 3344; x_wconf 85' lang='lat' dir='ltr'><strong>sie</strong></span> <span class='ocrx_word' id='word_1_211' title='bbox 538 3278 647 3346; x_wconf 77' lang='lat' dir='ltr'><strong>nudos</strong></span> <span class='ocrx_word' id='word_1_212' title='bbox 661 3280 695 3346; x_wconf 87' lang='lat' dir='ltr'><strong>in</strong></span> <span class='ocrx_word' id='word_1_213' title='bbox 702 3280 838 3371; x_wconf 82' lang='lat' dir='ltr'><strong>flumen</strong></span> <span class='ocrx_word' id='word_1_214' title='bbox 853 3278 1019 3369; x_wconf 81' lang='lat' dir='ltr'><strong>dejicere,</strong></span> <span class='ocrx_word' id='word_1_215' title='bbox 1040 3303 1096 3359; x_wconf 86' lang='lat' dir='ltr'><strong>ne,</strong></span> <span class='ocrx_word' id='word_1_216' title='bbox 1120 3300 1199 3345; x_wconf 84' lang='lat' dir='ltr'><strong>eum</strong></span> 
     </span>
     <span class='ocr_line' id='line_1_29' title="bbox 151 3378 1199 3475; baseline 0.003 -29"><span class='ocrx_word' id='word_1_217' title='bbox 151 3378 264 3447; x_wconf 83' lang='lat' dir='ltr'><strong>delati</strong></span> <span class='ocrx_word' id='word_1_218' title='bbox 284 3394 397 3448; x_wconf 80' lang='lat' dir='ltr'><strong>essent</strong></span> <span class='ocrx_word' id='word_1_219' title='bbox 417 3381 455 3448; x_wconf 89' lang='lat' dir='ltr'><strong>in</strong></span> <span class='ocrx_word' id='word_1_220' title='bbox 476 3407 594 3465; x_wconf 82' lang='lat' dir='ltr'><strong>mere,</strong></span> <span class='ocrx_word' id='word_1_221' title='bbox 627 3383 740 3475; x_wconf 78' lang='lat' dir='ltr'><strong>ipsunt</strong></span> <span class='ocrx_word' id='word_1_222' title='bbox 760 3384 968 3470; x_wconf 84' lang='lat' dir='ltr'><strong>polluerent,</strong></span> <span class='ocrx_word' id='word_1_223' title='bbox 991 3404 1056 3470; x_wconf 80' lang='lat' dir='ltr'><strong>quo</strong></span> <span class='ocrx_word' id='word_1_224' title='bbox 1080 3393 1199 3449; x_wconf 79' lang='lat' dir='ltr'><strong>cetero</strong></span> 
     </span>
     <span class='ocr_line' id='line_1_30' title="bbox 149 3482 1199 3577; baseline 0.006 -29"><span class='ocrx_word' id='word_1_225' title='bbox 149 3493 238 3576; x_wconf 77' lang='lat' dir='ltr'><strong>quoe</strong></span> <span class='ocrx_word' id='word_1_226' title='bbox 259 3482 394 3551; x_wconf 79' lang='lat' dir='ltr'><strong>violdto</strong></span> <span class='ocrx_word' id='word_1_227' title='bbox 414 3496 514 3570; x_wconf 84' lang='lat' dir='ltr'><strong>sunt,</strong></span> <span class='ocrx_word' id='word_1_228' title='bbox 552 3488 691 3577; x_wconf 82' lang='lat' dir='ltr'><strong>expiari</strong></span> <span class='ocrx_word' id='word_1_229' title='bbox 706 3498 888 3576; x_wconf 80' lang='lat' dir='ltr'><strong>putantur.</strong></span> <span class='ocrx_word' id='word_1_230' title='bbox 932 3483 1030 3552; x_wconf 86' lang='lat' dir='ltr'><strong>Isthic</strong></span> <span class='ocrx_word' id='word_1_231' title='bbox 1058 3484 1199 3570; x_wconf 90' lang='lat' dir='ltr'><strong>quidem</strong></span> 
     </span>
     <span class='ocr_line' id='line_1_31' title="bbox 150 3586 1197 3683; baseline 0.004 -31"><span class='ocrx_word' id='word_1_232' title='bbox 150 3587 265 3653; x_wconf 86' lang='lat' dir='ltr'><strong>omnia</strong></span> <span class='ocrx_word' id='word_1_233' title='bbox 287 3586 430 3677; x_wconf 85' lang='lat' dir='ltr'><strong>frigent,</strong></span> <span class='ocrx_word' id='word_1_234' title='bbox 452 3591 509 3656; x_wconf 76' lang='lat' dir='ltr'><strong>ded</strong></span> <span class='ocrx_word' id='word_1_235' title='bbox 529 3590 718 3681; x_wconf 81' lang='lat' dir='ltr'><strong>posteriora</strong></span> <span class='ocrx_word' id='word_1_236' title='bbox 738 3589 892 3676; x_wconf 85' lang='lat' dir='ltr'><strong>inprimis</strong></span> <span class='ocrx_word' id='word_1_237' title='bbox 918 3601 952 3683; x_wconf 78' lang='lat' dir='ltr'><strong>et</strong></span> <span class='ocrx_word' id='word_1_238' title='bbox 970 3586 1054 3654; x_wconf 87' lang='lat' dir='ltr'><strong>falsa</strong></span> <span class='ocrx_word' id='word_1_239' title='bbox 1067 3600 1197 3656; x_wconf 82' lang='lat' dir='ltr'><strong>suntet</strong></span> 
     </span>
     <span class='ocr_line' id='line_1_32' title="bbox 93 3687 1198 3779; baseline 0.001 -24"><span class='ocrx_word' id='word_1_240' title='bbox 93 3750 94 3755; x_wconf 73' lang='grc'>,</span> <span class='ocrx_word' id='word_1_241' title='bbox 147 3687 283 3779; x_wconf 87' lang='lat' dir='ltr'><strong>inepta,</strong></span> <span class='ocrx_word' id='word_1_242' title='bbox 306 3714 384 3757; x_wconf 86' lang='lat' dir='ltr'><strong>curn</strong></span> <span class='ocrx_word' id='word_1_243' title='bbox 408 3695 514 3758; x_wconf 87' lang='lat' dir='ltr'><strong>scelus</strong></span> <span class='ocrx_word' id='word_1_244' title='bbox 539 3716 638 3758; x_wconf 93' lang='lat' dir='ltr'><strong>omne</strong></span> <span class='ocrx_word' id='word_1_245' title='bbox 660 3691 697 3756; x_wconf 92' lang='lat' dir='ltr'><strong>in</strong></span> <span class='ocrx_word' id='word_1_246' title='bbox 717 3704 832 3758; x_wconf 88' lang='lat' dir='ltr'><strong>mente</strong></span> <span class='ocrx_word' id='word_1_247' title='bbox 850 3704 954 3779; x_wconf 87' lang='lat' dir='ltr'><strong>atque</strong></span> <span class='ocrx_word' id='word_1_248' title='bbox 974 3690 1088 3758; x_wconf 88' lang='lat' dir='ltr'><strong>animo</strong></span> <span class='ocrx_word' id='word_1_249' title='bbox 1101 3688 1198 3774; x_wconf 83' lang='lat' dir='ltr'><strong>insit,</strong></span> 
     </span>
     <span class='ocr_line' id='line_1_33' title="bbox 148 3785 1271 3884; baseline 0.002 -26"><span class='ocrx_word' id='word_1_250' title='bbox 148 3791 302 3879; x_wconf 74' lang='lat' dir='ltr'><strong>ideoque</strong></span> <span class='ocrx_word' id='word_1_251' title='bbox 320 3814 431 3880; x_wconf 89' lang='lat' dir='ltr'><strong>neque</strong></span> <span class='ocrx_word' id='word_1_252' title='bbox 450 3785 560 3884; x_wconf 90' lang='lat' dir='ltr'><strong>ipsum</strong></span> <span class='ocrx_word' id='word_1_253' title='bbox 583 3812 712 3884; x_wconf 85' lang='lat' dir='ltr'><strong>perse,</strong></span> <span class='ocrx_word' id='word_1_254' title='bbox 740 3817 850 3881; x_wconf 89' lang='lat' dir='ltr'><strong>neque</strong></span> <span class='ocrx_word' id='word_1_255' title='bbox 866 3796 1017 3881; x_wconf 84' lang='lat' dir='ltr'><strong>corporis</strong></span> <span class='ocrx_word' id='word_1_256' title='bbox 1041 3796 1195 3882; x_wconf 88' lang='lat' dir='ltr'><strong>contagio</strong></span> <span class='ocrx_word' id='word_1_257' title='bbox 1269 3837 1271 3840; x_wconf 56' lang='lat'>&gt;</span> 
     </span>
     <span class='ocr_line' id='line_1_34' title="bbox 145 3895 1194 3986; baseline 0.004 -26"><span class='ocrx_word' id='word_1_258' title='bbox 145 3896 256 3961; x_wconf 85' lang='lat' dir='ltr'><strong>ullum</strong></span> <span class='ocrx_word' id='word_1_259' title='bbox 286 3920 406 3981; x_wconf 88' lang='lat' dir='ltr'><strong>corpus</strong></span> <span class='ocrx_word' id='word_1_260' title='bbox 430 3900 533 3986; x_wconf 90' lang='lat' dir='ltr'><strong>possit</strong></span> <span class='ocrx_word' id='word_1_261' title='bbox 553 3897 745 3983; x_wconf 85' lang='lat' dir='ltr'><strong>inquinare.</strong></span> <span class='ocrx_word' id='word_1_262' title='bbox 796 3895 861 3966; x_wconf 89' lang='lat' dir='ltr'><strong>Sed</strong></span> <span class='ocrx_word' id='word_1_263' title='bbox 884 3897 1087 3984; x_wconf 83' lang='lat' dir='ltr'><strong>ignoscenda</strong></span> <span class='ocrx_word' id='word_1_264' title='bbox 1108 3898 1194 3964; x_wconf 85' lang='lat' dir='ltr'><strong>haee</strong></span> 
     </span>
     <span class='ocr_line' id='line_1_35' title="bbox 145 3999 1290 4092; baseline 0.006 -30"><span class='ocrx_word' id='word_1_265' title='bbox 145 3999 437 4084; x_wconf 24' lang='lat' dir='ltr'><strong>summissa-toris</strong></span> <span class='ocrx_word' id='word_1_266' title='bbox 459 4001 622 4087; x_wconf 87' lang='lat' dir='ltr'><strong>pueritiae</strong></span> <span class='ocrx_word' id='word_1_267' title='bbox 643 4015 721 4066; x_wconf 86' lang='lat' dir='ltr'><strong>sunt</strong></span> <span class='ocrx_word' id='word_1_268' title='bbox 739 4011 833 4065; x_wconf 86' lang='lat' dir='ltr'><strong>tanto</strong></span> <span class='ocrx_word' id='word_1_269' title='bbox 848 4001 978 4087; x_wconf 82' lang='lat' dir='ltr'><strong>magis,</strong></span> <span class='ocrx_word' id='word_1_270' title='bbox 1001 4002 1089 4092; x_wconf 91' lang='lat' dir='ltr'><strong>quod</strong></span> <span class='ocrx_word' id='word_1_271' title='bbox 1105 4025 1197 4068; x_wconf 79' lang='lat' dir='ltr'><strong>vena</strong></span> <span class='ocrx_word' id='word_1_272' title='bbox 1285 4045 1290 4052; x_wconf 72' lang='lat'><strong>,</strong></span> 
     </span>
     <span class='ocr_line' id='line_1_36' title="bbox 144 4101 1287 4193; baseline 0.005 -26"><span class='ocrx_word' id='word_1_273' title='bbox 144 4102 262 4191; x_wconf 77' lang='lat' dir='ltr'><strong>populi</strong></span> <span class='ocrx_word' id='word_1_274' title='bbox 287 4101 511 4172; x_wconf 80' lang='lat' dir='ltr'><strong>admiratione</strong></span> <span class='ocrx_word' id='word_1_275' title='bbox 538 4101 681 4173; x_wconf 74' lang='lat' dir='ltr'><strong>minime</strong></span> <span class='ocrx_word' id='word_1_276' title='bbox 701 4104 879 4193; x_wconf 77' lang='lat' dir='ltr'><strong>deeeptus,</strong></span> <span class='ocrx_word' id='word_1_277' title='bbox 924 4107 1045 4176; x_wconf 83' lang='lat' dir='ltr'><strong>eadem</strong></span> <span class='ocrx_word' id='word_1_278' title='bbox 1066 4106 1193 4189; x_wconf 71' lang='lat' dir='ltr'><strong>istheee</strong></span> <span class='ocrx_word' id='word_1_279' title='bbox 1283 4160 1287 4173; x_wconf 85' lang='lat'><strong>.</strong></span> 
     </span>
    </p>
   </div>
   <div class='ocr_carea' id='block_1_8' title="bbox 0 0 1358 4636">
    <p class='ocr_par' dir='ltr' id='par_1_10' title="bbox 0 0 1358 4636">
     <span class='ocr_line' id='line_1_37' title="bbox 0 0 1358 4636; baseline 0 7"><span class='ocrx_word' id='word_1_280' title='bbox 0 0 1358 4636; x_wconf 95' lang='lat' dir='ltr'><strong> </strong></span> 
     </span>
    </p>
   </div>
  </div>
 </body>
</html>
