2708 4636
555 332 653 379 ι...
693 327 756 419 a
796 228 975 407 -.'}·{.

88 498 91 503 '
208 486 394 577 '„stianismi
418 483 542 550 debent
561 484 999 574 tirociniorum'specimina
1013 494 1198 583 prodere,
1212 507 1247 564 at

207 581 296 663 „sint
316 576 457 648 tirones3
487 569 730 657 perfectissima
748 574 897 659 cognitio
918 589 970 638 est
992 568 1198 669 temporum
1216 596 1242 648 et

203 660 496 749 „Christianorum
517 656 753 743 posteriorum.
765 666 787 697 ‘⁴
815 659 907 724 Haec
926 662 1038 746 igitur
1060 669 1237 755 optimesd

205 764 469 817 meumseusum
485 740 666 806 Semlerus.
687 742 753 806 Sed
768 741 798 806 si
813 745 891 828 quis
905 748 1009 813 malit
1023 752 1061 815 id
1083 754 1229 837 quod-ta
1336 762 1339 769 '

205 846 280 900 uu,
294 838 409 917 aperte
421 825 517 903 dicit,
539 849 659 901 verum
674 827 874 908 existimare,
896 843 935 895 ut
949 855 1088 923 nempe
1104 840 1228 904 Christus

203 929 282 1009 post
303 923 448 978 mortem
470 911 508 975 iu
530 934 649 976 orcum
668 912 893 996 descenderit,
916 940 1046 983 eorum
1065 923 1128 1007 qui
1143 949 1161 987 e
1175 948 1234 989 cor·

250 1024 288 1067 re
306 1008 517 1064 excesserant
541 997 662 1060 animis
686 998 857 1084 Evangelii
880 1000 1085 1070 doctrinam
1109 1009 1234 1073 traditu·

200 1110 276 1163 ras,
289 1105 376 1173 quae
385 1094 521 1170 patrum
539 1080 807 1150 doctissimorum
820 1083 887 1149 luit
894 1093 1085 1172 sententia,
1101 1116 1177 1158 eum
1186 1116 1236 1179 ego

203 1185 294 1241 certe
320 1170 427 1235 multo
448 1166 556 1233 leuius
578 1166 705 1248 feram,
738 1190 842 1255 quam
862 1172 1001 1239 clarum
1021 1177 1094 1243 loci
1115 1201 1233 1246 sensum

198 1266 467 1353 pervertentem.

202 1376 205 1381 ·
270 1343 364 1409 Hanc
375 1337 630 1403 inconstantiam
645 1338 745 1404 etiam
762 1340 855 1405 cerni
869 1341 907 1407 in
917 1364 962 1405 eo
977 1342 1231 1430 dicitErnestus,

202 1431 292 1519 quod
319 1422 477 1491 nonnulli
496 1423 738 1511 antiquitatem
757 1426 862 1490 niensis
884 1431 1086 1513 extollant,
1113 1448 1229 1514 eontra,

273 1512 384 1601 mipsi
395 1508 532 1597 aliquid
542 1511 623 1575 novi
635 1510 841 1590 adtulerint,
851 1516 1021 1580 eamdem
1034 1518 1225 1607 deprimant.

202 1540 307 1686 mni
332 1597 460 1683 duplex
483 1594 540 1657 hic
555 1618 651 1659 error
661 1596 860 1684 plerumque
873 1622 945 1664 non
962 1606 1157 1670 eorumdem
1171 1605 1225 1668 lio-

201 1687 333 1755 minum
356 1694 423 1761 est,
448 1679 506 1743 sed
526 1678 759 1761 diversorum
784 1684 931 1769 proinde
954 1710 1072 1773 neque
1089 1691 1162 1755 haec
1178 1700 1226 1754 et

200 1767 438 1843 inconstantia,
461 1765 518 1828 sed
538 1766 650 1850 potius
671 1765 837 1852 ‹pinionis
855 1769 981 1836 levitas
1000 1775 1101 1837 velalr
1114 1775 1214 1859 mepta

201 1857 254 1920 sui
272 1849 510 1943 admiratione,
531 1850 584 1912 vel
597 1850 639 1933 ab
655 1853 797 1917 aliarum
811 1874 926 1919 rerum
946 1858 1128 1944 ignorantia
1141 1879 1214 1944 pro-

199 1938 297 2005 fecta.
342 1934 494 2018 Plerique
520 1943 632 1997 autem
662 1932 761 1999 hodie
779 1958 920 2023 peecare
942 1946 1059 2008 solent
1074 1954 1221 2021 veterum,

200 2046 286 2111 quos
301 2019 373 2085 fere
388 2018 559 2103 ignorant,
581 2030 771 2102 contemtu,
793 2021 850 2087 vix
864 2025 1049 2111 quisquam
1065 2022 1160 2095 ni'niia
1173 2052 1224 2093 co·

198 2132 278 2177 rum
299 2103 532 2172 admiratione.
575 2102 642 2169 Sed
665 2107 803 2189 utrique
817 2108 866 2171 rei
882 2114 1009 2178 modus
1023 2127 1076 2179 est
1089 2126 1227 2180 statuen-

199 2195 272 2261 dus.
315 2191 423 2256 Multa
440 2188 475 2251 in
488 2188 640 2275 patribus
654 2202 733 2254 sunt
746 2192 1048 2281 reprehendenda,
1071 2213 1169 2287 atque
1180 2200 1229 2263 in·

198 2278 318 2372 primis
340 2276 435 2353 illud,
458 2274 546 2358 quod
565 2296 670 2361 genus
688 2277 938 2363 interpretandi
960 2285 1181 2371 allegoricum
1198 2308 1228 2350 ac

198 2364 352 2453 typicum
366 2362 583 2437 invexerunt,
606 2359 648 2424 de
660 2381 727 2444 quo
738 2362 772 2424 in
786 2360 852 2427 alio
865 2365 977 2452 capite
989 2368 1153 2435 diximus.
1175 2370 1229 2438 set
1295 2426 1298 2431 .

197 2448 340 2516 modum
360 2444 492 2510 excedit
507 2444 690 2531 Whitbyus
711 2447 857 2598 llnqlm,
879 2448 937 2536 qui
949 2453 1082 2518 librum
1098 2457 1228 2546 scripsit,

198 2558 268 2621 quo
288 2541 425 2596 conatus
442 2540 492 2593 est
507 2528 749 2607 demonstrare,¹
796 2544 893 2597 atres
899 2584 912 2613 ,
929 2538 1012 2603 sive
1020 2541 1224 2627 primaevos,

195 2620 268 2684 sive
282 2617 533 2702 subsequentes,
548 2637 697 2677 nonesse
711 2617 986 2687 idoneosS.Scri
1010 2637 1116 2692 turae
1133 2628 1226 2694 inter·

221 2714 320 2769 retes.
343 2699 447 2785 Atqui
458 2720 478 2760 e
492 2698 641 2785 patribus
649 2701 783 2783 multos,
795 2702 949 2791 inprimis
993 2732 1129 2789 raeces,
1145 2715 1226 2780 deli-

190 2726 337 2855 litorum
351 2806 522 2850 sacrorum
533 2783 806 2872 interpretatione
814 2793 987 2876 praeclare
999 2799 1146 2865 meritos
1159 2820 1225 2879 esse,

195 2873 330 2942 doctior
351 2893 452 2934 nemo
473 2868 613 2933 dubitat.
638 2870 709 2936 Vid.
730 2872 867 2939 Ernesti
882 2876 1079 2946 dissertatio
1094 2884 1140 2949 de
1156 2883 1224 2950 On·-

190 2982 283 3052 gene
292 2954 583 3042 interpretationis
597 2955 765 3022 librorum
776 2981 957 3027 sacrorum
968 2971 1221 3054 grammaticae

195 3055 359 3119 erectore,
389 3040 425 3104 in
456 3041 526 3124 ejus
555 3042 728 3126 opusculis
748 3042 979 3135 philologieis
1001 3054 1142 3120 criticis
1161 3074 1219 3140 pag.

193 3129 268 3197 288.
284 3148 373 3211 seqq.
397 3125 468 3190 Hoc
489 3136 600 3190 autem
624 3136 692 3192 tam
714 3129 778 3193 late
798 3142 911 3216 patet,
946 3145 987 3199 ut
1012 3160 1089 3205 non
1110 3141 1218 3206 dubitet

193 3215 356 3283 Ernestus
378 3208 505 3288 dicere,
527 3234 595 3276 non
615 3212 797 3279 admodum
820 3218 927 3281 multa
950 3219 1058 3287 hodie
1080 3222 1211 3315 pruteni,

192 3323 282 3389 quae
304 3320 375 3361 non
396 3295 462 3360 sint
486 3294 527 3360 ab
549 3295 743 3380 antiquitate
765 3299 895 3368 hausta.
923 3300 989 3369 Sed
1013 3330 1108 3394 quae
1124 3322 1210 3399 patres

191 3386 280 3453 bene
296 3383 467 3459 dixerunt,
490 3403 529 3445 ea
538 3381 624 3469 pleri
650 3406 693 3445 ue
708 3383 810 3449 hodie
823 3386 992 3471 ignorant,
1004 3395 1066 3459 alii
1082 3420 1130 3460 ne
1141 3395 1215 3461 obla*

191 3471 234 3537 tis
257 3469 389 3555 quidem
415 3466 524 3530 sciunt
544 3467 605 3531 uti.
660 3467 724 3534 tin
737 3470 802 3557 Ep.
815 3470 936 3539 Just.
958 3494 1008 3542 10.
1024 3477 1215 3569 interpreta-

188 3556 318 3622 tionem
336 3554 432 3618 unice
446 3573 576 3631 veram,
594 3574 661 3636 qua
675 3576 694 3616 e
706 3556 918 3641 praecedenti
932 3562 1046 3629 verbo
1063 3566 1213 3653 santus

174 3642 391 3706 'eliciendum
417 3649 467 3702 est
489 3636 631 3701 v'erbum
647 3640 833 3705 contrariae
844 3642 1104 3727 significationis
1120 3658 1215 3738 aisp-

187 3727 310 3805 ea'oen,
335 3728 401 3807 jam
426 3723 652 3789 Oecumenius
673 3724 791 3805 habet,
813 3750 956 3811 eamque
973 3755 994 3795 a
1009 3734 1137 3802 Grotio
1149 3760 1218 3826 pro·

185 3807 293 3874 latam
313 3809 412 3893 pauci
435 3808 472 3874 in
495 3819 646 3873 veterum
671 3812 1046 3899 scriptorumleotione
1065 3835 1100 3887 et
1123 3825 1219 3891 iuter·

185 3894 375 3983 pretatione
400 3893 570 3959 exercitati
591 3894 786 3981 intelligunt.

273 3978 304 4066 ς.
316 3996 367 4067 27.
382 4000 445 4068 per
464 4002 500 4046 se
519 3979 627 4048 clarus
639 3983 921 4052 commentatione
934 4009 1011 4063 non
1022 3989 1168 4086 indiget.

598 4163 804 4192 m
