2708 4636
480 307 904 380 -53·--·

80 548 83 555 ,
165 542 169 547 .
196 440 323 577 Neque
338 488 436 556 aliter
450 507 516 575 ego
535 440 592 551 ιιιο
612 485 724 551 fateor
742 487 860 606 adlici,
888 489 1020 561 Kleietii
1040 505 1161 580 poetae
1182 457 1184 461 Ι
1301 466 1304 477 ¹

110 594 222 664 multo
237 589 374 681 quidem
388 588 959 681 praestantiorialilludepigremma
972 596 1159 684 legentem·

174 731 247 795 Mit
267 726 413 795 welcher
433 723 637 790 Landrchalt
661 726 719 789 hat
743 727 818 791 dein
846 732 956 796 Pinael
978 732 1158 799 Leander’e

735 815 809 876 saal
824 818 970 914 gezierti

176 900 233 966 sie
255 913 388 976 ctarret,
410 898 478 964 wie
501 895 557 960 der
577 897 712 962 Winter
727 899 849 974 selber,
874 901 927 962 ich
947 903 1015 967 reh'
1035 905 1083 970 aie
1101 929 1156 986 an,

734 983 821 1046 mich
845 985 949 1049 friert.

109 1104 202 1175 llaec
221 1101 361 1192 quidem
372 1100 488 1169 multis
505 1101 643 1190 placere
658 1101 746 1168 nihil
759 1114 810 1168 est
827 1124 891 1169 cur
908 1102 1079 1190 dubitem,
1102 1121 1159 1175 at·
1259 1132 1261 1141 ·

106 1230 177 1299 que
190 1206 263 1297 ipre
277 1204 345 1273 vidi
359 1204 419 1294 qui
440 1202 526 1271 nihil
539 1202 604 1270 dici
620 1227 719 1293 posse
741 1203 1011 1292 magnificentius
1024 1211 1161 1295 judica-

107 1321 196 1380 rene
247 1309 334 1378 Mihi
360 1307 448 1376 nihil
477 1304 614 1374 videtur
648 1307 833 1396 vulgarius.
883 1308 1018 1376 Etenim
1041 1310 1159 1389 adduc

108 1412 296 1502 quamlibet
321 1409 494 1478 femellam
507 1409 545 1475 in
563 1407 698 1474 tabulae
718 1409 894 1497 regionem
910 1411 988 1500 gelu
1001 1411 1159 1479 nivibus-

108 1540 176 1606 que
188 1516 355 1602 rigentem
366 1510 544 1581 referentis
562 1522 597 1575 et
612 1511 670 1575 vel
682 1511 895 1581 mediocriter
907 1512 1019 1601 pictae
1034 1517 1163 1606 adspe-

48 1639 51 1647 ·
92 1632 213 1695 ¹atum
235 1630 270 1684 et
282 1616 336 1712 dic
349 1636 423 1682 eree
437 1611 529 1702 quod
543 1611 701 1696 miretur,
723 1636 835 1701 neque
849 1614 967 1682 audies
980 1620 1084 1686 modo
1096 1644 1159 1686 ea-

99 1721 215 1815 ‘dem
204 1741 276 1808 ipsa
299 1720 469 1786 dicentem
489 1736 576 1803 quae
599 1727 702 1804 poete
725 1709 828 1800 dixit,
850 1717 909 1784 red
931 1717 1060 1786 videbis
1084 1732 1157 1789 toto

30 1862 39 1877 ›
106 1845 253 1915 corpore
266 1823 438 1910 eleganter
452 1818 701 1887 cohortentem.
745 1819 792 1886 Et
802 1818 1004 1897 mirabrmur
1017 1836 1157 1911 poetam

107 1938 252 2018 propter
271 1923 424 2005 laudem,
445 1943 550 2009 quam
570 1920 646 2012 ipae
663 1919 792 1990 artifex
814 1922 1067 2010 dedignaretur:
1096 1935 1159 1992 aut

108 2026 202 2113 quod
218 2025 323 2113 homo
350 2024 520 2110 inelegans
540 2023 680 2113 quisque
697 2037 797 2114 etque
817 2024 974 2095 infioetur
994 2027 1157 2097 facillime

15 2156 19 2163 ¹
109 2125 255 2207 dixerit,
297 2122 390 2189 idem
414 2121 450 2189 in
472 2127 621 2195 carmine
645 2125 775 2195 dictum
797 2150 843 2194 an
863 2126 1036 2195 videbitur
1055 2128 1158 2216 inge-

108 2227 272 2300 niosuml

189 2328 310 2398 Nonne
322 2337 435 2396 autern
453 2328 510 2396 rel
524 2332 674 2401 maxima
686 2331 760 2400 leur
777 2341 837 2414 est,
859 2328 1021 2398 artificem
1036 2332 1156 2399 imita-

105 2437 199 2505 tione
210 2444 281 2498 tem
295 2422 404 2521 p'rope
416 2433 589 2500 accersisse
607 2436 649 2502 ad
664 2448 807 2502 naturae
825 2431 1092 2519 similitudinem,
1115 2446 1156 2501 ut

106 2560 191 2628 opus
204 2538 278 2624 ejne
288 2535 555 2624 contemplanter
570 2534 667 2601 nobie
687 2534 866 2601 videamur
879 2559 952 2603 non
966 2536 1154 2626 imaginem
1168 2538 1171 2546 ’

12 2660 16 2671 “
104 2642 162 2711 aed
182 2662 236 2708 ree
254 2639 343 2727 ipsae
369 2637 545 2726 spectare?
589 2637 740 2706 Omnino
762 2637 796 2703 id
818 2638 956 2726 quidem
977 2666 1154 2711 summum
1198 2718 1202 2727 ,

106 2757 173 2826 est,
206 2738 407 2829 pracsertim
427 2737 457 2804 ai
474 2739 542 2804 tale
562 2736 669 2805 fuerit
690 2741 868 2807 oculorum
890 2742 1153 2830 intelligentium

104 2861 205 2935 atque
221 2840 481 2908 exercitatorum
491 2836 658 2923 judicium
672 2840 726 2904 vel
739 2839 851 2926 potina
870 2863 977 2929 error.
1007 2844 1054 2911 At
1068 2846 1157 2912 haeo'

75 3023 79 3030 ¹
103 2950 176 3040 ipsa
197 2947 271 3013 laus
290 2939 404 3005 verbis
425 2938 624 3025 simpliciter
649 2939 1153 3056 comprehense,utve1aeit,

104 3062 194 3119 certe
207 3064 318 3131 neque
334 3038 501 3154 exquisita
513 3049 563 3104 eat
576 3061 684 3128 neque
695 3040 880 3128 ingeniosa
922 3045 984 3113 Est
996 3048 1087 3117 enim
1101 3050 1153 3119 ita

103 3155 142 3222 in
152 3159 318 3270 promtu,
338 3138 457 3229 utqui
476 3141 542 3208 hoc
564 3139 691 3210 dixerit
710 3143 817 3213 nihilo
841 3148 919 3236 plue
943 3148 1032 3216 dicat
1044 3175 1151 3239 quam

105 3255 260 3346 quiopur
283 3243 407 3315 dixerit
422 3264 492 3312 erse
511 3245 721 3332 praeclarum
740 3258 843 3333 atque
856 3251 1038 3338 egregium.
1073 3257 1151 3325 ralit
1170 3309 1177 3324 ,

105 3380 171 3453 que
185 3353 350 3420 nimirum
364 3345 534 3434 quomodo
548 3344 627 3410 trita
640 3347 767 3416 isthaec
779 3363 880 3440 etque
892 3355 1112 3443 pervulgata
1101 3371 1153 3425 rte

103 3456 237 3550 possint
248 3450 398 3534 uectari,
419 3460 460 3516 ut
470 3471 533 3514 ιιιο
543 3448 692 3535 quodam
704 3451 853 3522 eniteant
866 3455 1046 3544 splendore
1060 3469 1092 3523 et
1105 3457 1151 3525 ad

80 3580 83 3584 “
103 3556 278 3626 luminum
298 3553 370 3622 vim
389 3563 493 3637 atque
510 3551 750 3621 exceltentiam
772 3555 989 3659 attollantur,
1019 3561 1149 3646 optimo

105 3682 169 3727 nos
192 3657 359 3725 docebunt
371 3652 505 3737 Graeci,
526 3653 647 3744 optimi
664 3655 820 3745 prefecto
834 3657 936 3725 etiam
929 3651 1046 3744 hujus
1063 3661 1152 3728 arti-
1257 3720 1261 3724 .

68 3806 72 3812 -
107 3758 175 3827 licii
198 3768 361 3825 auctores.
1158 3808 1161 3813 -

192 3857 287 3947 Quid
300 3856 473 3946 vulgarius
487 3870 537 3926 eet
552 3882 654 3948 quam
669 3859 697 3927 sl
710 3858 844 3942 dixeris,
866 3861 999 3951 signnm
1011 3863 1151 3955 aliquod

108 3976 281 4049 tamquam
293 3957 413 4026 vivum
424 3961 487 4028 tibi
500 3960 773 4052 videriapirare?
793 3962 879 4032 Vide
894 3977 1017 4048 autem,
1033 3991 1147 4056 quan·

109 4076 227 4161 tepere
252 4059 441 4153 simplicem
468 4064 603 4134 isthanc
627 4065 829 4140 sententiam
846 4069 884 4136 in
907 4091 978 4138 una
995 4071 1155 4163 Myronis
