2708 4636
429 305 834 377 ··-53.....

145 491 222 579 ejus
241 484 393 585 partium
416 481 563 552 ostendit
586 481 778 561 scientiam,
807 475 961 548 ceterum
980 478 1069 550 nihil
1091 478 1196 553 hahet

146 593 302 684 quamvis
326 588 496 678 singulare
518 587 797 673 mirandumque,
818 583 907 672 quod
925 585 968 650 ab
984 607 1100 652 rerum
1120 584 1197 655 for·

88 704 93 713 ‘
140 686 313 763 tuitarum
338 696 441 758 'cursu
468 689 662 757 abhorreat.
712 690 757 756 ln·
781 689 917 754 Lucano
943 689 1029 756 nihil
1051 703 1123 756 nau
1155 687 1197 758 fit

145 809 284 887 praeter
304 795 510 884 opinionem.
554 794 699 859 Tantam
721 788 787 856 ills
800 790 904 876 injicit
921 802 1059 880 tamque
1078 793 1196 858 incre·

148 898 289 965 dibilem
306 919 449 964 casuum
476 897 685 978 varietatem,
707 901 756 960 t'ot
766 893 893 981 reperit
906 892 1042 979 {amque
1053 907 1196 982 porton-
1257 974 1262 989 .

146 1013 236 1070 torae
268 998 435 1090 pereundi
465 999 553 1080 vias,
583 1009 621 1065 ut
649 1017 784 1066 summo
811 991 921 1061 studio
946 994 1010 1062 hoc
1037 998 1198 1068 videatur
1301 1036 1308 1045 ·

145 1105 347 1186 meditatus,
376 1102 547 1188 quamodo
567 1113 681 1191 posset
701 1101 738 1166 in
758 1095 867 1166 istha'c
890 1098 1009 1186 proelii
1022 1088 1198 1169 atrocitate

144 1207 332 1295 legentium
367 1206 497 1275 animos
526 1206 640 1293 jocosa
664 1202 803 1270 levitate
831 1224 974 1268 avocare
1005 1201 1050 1268 ad
1077 1201 1197 1274 risum.

62 1332 65 1341 ·
146 1309 256 1379 Primi
269 1308 423 1375 omnium
437 1305 615 1396 singularis
623 1329 702 1403 sors
716 1319 766 1372 est
778 1305 864 1386 Cati,
888 1305 949 1392 qui

191 1451 295 1534 Terga
311 1448 406 1510 simul
420 1445 542 1529 pariter
571 1442 676 1509 missis
692 1456 725 1505 et
738 1459 872 1529 pectora
886 1444 960 1507 telis

192 1535 406 1632 Transigiturs
424 1529 531 1592 medio
547 1529 712 1592 concurrit
724 1528 857 1612 pectore
874 1530 1007 1608 ferrum,

191 1619 237 1679 Et
250 1633 341 1680 stetit
353 1619 496 1680 incertus
515 1611 631 1676 flueret
646 1634 711 1695 quo
727 1618 859 1675 vulnere
876 1615 1022 1714 sanguim

191 1701 310 1765 Donec
326 1706 480 1783 utrasque
494 1700 589 1760 simul
602 1703 709 1782 largus
725 1718 819 1761 cruor
831 1705 958 1782 expulit
973 1699 1104 1780 hastasJ

116 1836 123 1848 ,
170 1816 177 1829 ⁸
190 1787 385 1871 Divisitque
401 1785 549 1862 animam,
559 1837 562 1840 .
573 1782 757 1869 sparsitque
771 1783 807 1844 in
825 1787 958 1866 vulnera
971 1787 1083 1847 letum.

151 1941 312 2024 Magnam
336 1936 452 2000 hercle
470 1948 591 2022 poetae
611 1931 805 2002 audaciam!
827 1961 894 2025 qua
916 1939 1062 2005 telorum
1083 1937 1201 2006 unta-⁴

150 2061 219 2125 que
234 2039 351 2099 eodem
365 2036 525 2120 temporis
540 2051 715 2104 momento
728 2040 907 2104 missorum
923 2038 1201 2129 perque²tergum

151 2151 189 2205 et
208 2147 323 2226 pectus
335 2135 542 2232 *adactorum
564 2136 716 2222 cuspides
738 2130 915 2222 finguntur
935 2139 1094 2207 adversae
1115 2168 1204 2211 con·
1318 2208 1323 2216 ,

61 2288 66 2293 -
150 2240 305 2306 currisse.
329 2235 418 2325 Quis
435 2236 501 2301 hoc
515 2248 584 2302 non
597 2237 765 2307 miretur?
785 2239 894 2302 lmmo
909 2243 990 2304 vero
1006 2237 1079 2324 q'ui's
1094 2245 1219 2308 mire-·

147 2340 232 2409 tur?
272 2337 508 2433 Nam‘etiamsi
537 2338 608 2404 fors
637 2338 958 2411 tautumvaluerit,
980 2339 1064 2406 nihil
1086 2343 1119 2408 in
1137 2345 1205 2412 hoo

145 2443 212 2511 erit
233 2438 382 2508 notabile
402 2454 536 2530 praeter
555 2441 604 2506 rei
623 2439 859 2525 insolentiam,
883 2465 968 2529 quae
989 2464 1059 2508 una
1082 2468 1145 2534 per
1166 2468 1207 2529 so

146 2564 275 2640 parurn
304 2544 404 2638 digna
425 2556 484 2633 est
502 2533 742 2627 admiratione3
780 2545 1068 2630 quemadmodum
1099 2518 1206 2616 mliii.

142 2640 277 2718 amusos
297 2646 496 2714 animalium
516 2658 651 2735 partus,
675 2658 714 2712 ut
736 2635 878 2734 quisque
893 2659 1035 2714 naturae
1050 2653 1203 2720 maxime

148 2763 202 2819 est
225 2751 371 2842 peritus,
391 2749 438 2815 ita
456 2748 596 2814 minime
610 2748 766 2827 miretur.
809 2749 897 2816 Illud
914 2774 1020 2816 unum
1034 2751 1071 2818 in
1085 2754 1147 2821 hac
1162 2779 1204 2824 ro

148 2852 307 2922 mirabile
328 2850 467 2931 accidit,
503 2864 639 2940 poetam
659 2862 729 2916 tam
749 2851 817 2916 levi
837 2851 1095 2919 inventiuncula
1116 2857 1203 2925 adeo
1270 2885 1275 2900 =

150 2956 216 3024 sibi
248 2954 428 3043 placuisse,
466 2965 505 3016 ut
523 2953 615 3018 illam
637 2953 835 3037 geminaret.
893 2953 966 3020 Jam
994 2957 1087 3023 enim
1116 2960 1203 3028 alius

147 3059 253 3125 etiam
275 3070 395 3122 natans
420 3042 567 3118 adversis
590 3052 736 3118 duarum
758 3053 901 3122 navium
920 3056 1038 3125 rostris
1062 3062 1204 3130 transfi-

148 3161 254 3248 gitur.
299 3157 365 3224 Sed
388 3147 559 3221 fecundus·
575 3145 781 3225 eromuino
797 3156 867 3222 dies
875 3157 937 3225 iste
952 3160 1051 3247 hujus
1066 3167 1210 3254 generis,
1315 3188 1316 3193 ’

148 3262 407 3330 miraculorum.
455 3254 544 3325 Ecce
562 3258 652 3322 enim
673 3257 831 3346 Gyareus
853 3260 889 3327 in
910 3264 1032 3330 sociam
1056 3269 1203 3359 puppim
1317 3320 1321 3328 ,

149 3380 292 3448 ,erepere
323 3361 481 3452 cupiens,
517 3382 599 3424 suae
623 3358 721 3425 navia
756 3362 853 3428 lateri
878 3363 1038 3452 adfigitur
1056 3370 1203 3458 indeque

155 3466 296 3555 pendet,
319 3465 385 3530 telo
405 3465 500 3529 illum
520 3463 695 3556 retinente·
741 3456 907 3554 Lepidum
929 3491 1011 3533 vero
1023 3485 1204 3557 spectacu-

150 3567 226 3636 lum
241 3594 279 3635 ac
294 3567 434 3655 dignum
450 3562 594 3654 prorsus
611 3589 794 3655 puerorum
803 3570 947 3656 'plausui
968 3571 1073 3638 Aliud
1087 3588 1203 3648 antem
1312 3632 1318 3640 a

147 3683 294 3759 repente
320 3669 472 3735 exoritur
499 3682 703 3741 monstrum.
753 3671 840 3737 Nam
870 3671 1013 3759 Lycidas
1033 3676 1075 3741 ab
1096 3679 1205 3756 altera

147 3784 250 3864 parte
264 3794 368 3838 manu
382 3771 492 3839 ferrea
505 3794 565 3836 seu
578 3772 774 3872 harpagone
786 3773 1027 3861 adprehensus,
1039 3779 1081 3844 ab
1096 3784 1205 3855 altera

149 3876 239 3943 velo
260 3874 415 3941 cruribus
433 3888 585 3950 retentus
605 3876 648 3942 ab
668 3877 766 3945 sociis
786 3875 834 3941 ita
857 3877 1074 3958 distrahitur,
1095 3886 1204 3955 donec
1314 3908 1322 3919 ·

148 3976 272 4045 miseri
301 3966 430 4066 corpud
453 3979 603 4049 medium
631 3981 813 4048 scindatur·
862 3959 944 4048 ¹lloo
958 3982 1120 4053 nimirum
1153 3999 1204 4053 est

150 4088 283 4175 anagnu
320 4083 499 4159 &nmine
531 4101 671 4174 magnae
708 4102 814 4174 nugas
830 4089 834 4096 ’
853 4083 967 4174 agere,
1009 4085 1204 4180 ingenium·
