<?xml version="1.0" encoding="UTF-8"?>
<!DOCTYPE html PUBLIC "-//W3C//DTD XHTML 1.0 Transitional//EN"
    "http://www.w3.org/TR/xhtml1/DTD/xhtml1-transitional.dtd">
<html xmlns="http://www.w3.org/1999/xhtml" xml:lang="en" lang="en">
 <head>
  <title>
</title>
<meta http-equiv="Content-Type" content="text/html;charset=utf-8" />
  <meta name='ocr-system' content='tesseract 3.04.00' />
  <meta name='ocr-capabilities' content='ocr_page ocr_carea ocr_par ocr_line ocrx_word'/>
</head>
<body>
  <div class='ocr_page' id='page_1' title='image "./jojachottingeri00hottgoog_0030.png"; bbox 0 0 2708 4636; ppageno 0'>
   <div class='ocr_carea' id='block_1_1' title="bbox 584 310 906 379">
    <p class='ocr_par' dir='ltr' id='par_1_1' title="bbox 584 310 906 379">
     <span class='ocr_line' id='line_1_1' title="bbox 584 310 906 379; baseline 0.022 -7"><span class='ocrx_word' id='word_1_1' title='bbox 584 310 906 379; x_wconf 85' lang='grc'><em>·.·-··9“··“</em></span> 
     </span>
    </p>
   </div>
   <div class='ocr_carea' id='block_1_2' title="bbox 226 450 1273 548">
    <p class='ocr_par' dir='ltr' id='par_1_2' title="bbox 226 450 1273 548">
     <span class='ocr_line' id='line_1_2' title="bbox 226 450 1273 548; baseline -0.002 -16"><span class='ocrx_word' id='word_1_2' title='bbox 226 464 376 534; x_wconf 79' lang='lat' dir='ltr'><strong>nondum</strong></span> <span class='ocrx_word' id='word_1_3' title='bbox 404 473 556 531; x_wconf 83' lang='lat' dir='ltr'><strong>maturae</strong></span> <span class='ocrx_word' id='word_1_4' title='bbox 585 460 729 542; x_wconf 88' lang='lat' dir='ltr'><strong>vitium,</strong></span> <span class='ocrx_word' id='word_1_5' title='bbox 765 450 899 524; x_wconf 85' lang='lat' dir='ltr'><strong>firmato</strong></span> <span class='ocrx_word' id='word_1_6' title='bbox 923 469 1042 548; x_wconf 82' lang='lat' dir='ltr'><strong>postea</strong></span> <span class='ocrx_word' id='word_1_7' title='bbox 1069 455 1246 548; x_wconf 83' lang='lat' dir='ltr'><strong>judicio</strong></span> <span class='ocrx_word' id='word_1_8' title='bbox 1220 485 1273 533; x_wconf 74' lang='lat' dir='ltr'><strong>ne</strong></span> 
     </span>
    </p>
   </div>
   <div class='ocr_carea' id='block_1_3' title="bbox 227 567 1274 758">
    <p class='ocr_par' dir='ltr' id='par_1_3' title="bbox 227 567 1274 758">
     <span class='ocr_line' id='line_1_3' title="bbox 227 567 1274 758; baseline -0.003 -24"><span class='ocrx_word' id='word_1_9' title='bbox 227 567 487 758; x_wconf 56' lang='lat' dir='ltr'><strong>abiiiblilaesar</strong></span> <span class='ocrx_word' id='word_1_10' title='bbox 486 669 616 733; x_wconf 84' lang='lat' dir='ltr'><strong>schiitzt</strong></span> <span class='ocrx_word' id='word_1_11' title='bbox 633 667 688 729; x_wconf 85' lang='lat' dir='ltr'><strong>das</strong></span> <span class='ocrx_word' id='word_1_12' title='bbox 706 660 824 739; x_wconf 81' lang='lat' dir='ltr'><strong>Gliick,</strong></span> <span class='ocrx_word' id='word_1_13' title='bbox 840 661 908 724; x_wconf 89' lang='lat' dir='ltr'><strong>und</strong></span> <span class='ocrx_word' id='word_1_14' title='bbox 918 662 1000 726; x_wconf 87' lang='lat' dir='ltr'><strong>Cato</strong></span> <span class='ocrx_word' id='word_1_15' title='bbox 1015 664 1067 727; x_wconf 90' lang='lat' dir='ltr'><strong>dic</strong></span> <span class='ocrx_word' id='word_1_16' title='bbox 1083 616 1274 755; x_wconf 74' lang='lat' dir='ltr'><strong>Besiegten¹¹</strong></span> 
     </span>
    </p>
   </div>
   <div class='ocr_carea' id='block_1_4' title="bbox 226 760 1325 1196">
    <p class='ocr_par' dir='ltr' id='par_1_4' title="bbox 226 760 1272 1167">
     <span class='ocr_line' id='line_1_4' title="bbox 226 760 1272 860; baseline -0.004 -21"><span class='ocrx_word' id='word_1_17' title='bbox 226 771 401 860; x_wconf 84' lang='lat' dir='ltr'>Superiori</span> <span class='ocrx_word' id='word_1_18' title='bbox 431 784 546 837; x_wconf 91' lang='lat' dir='ltr'><strong>autem</strong></span> <span class='ocrx_word' id='word_1_19' title='bbox 575 770 634 838; x_wconf 89' lang='lat' dir='ltr'><strong>illa</strong></span> <span class='ocrx_word' id='word_1_20' title='bbox 668 765 835 833; x_wconf 87' lang='lat' dir='ltr'><strong>sententia</strong></span> <span class='ocrx_word' id='word_1_21' title='bbox 868 764 1005 849; x_wconf 77' lang='lat' dir='ltr'><strong>cogitari</strong></span> <span class='ocrx_word' id='word_1_22' title='bbox 1023 760 1155 836; x_wconf 89' lang='lat' dir='ltr'><strong>falsius</strong></span> <span class='ocrx_word' id='word_1_23' title='bbox 1183 770 1272 840; x_wconf 81' lang='lat' dir='ltr'><strong>nihil</strong></span> 
     </span>
     <span class='ocr_line' id='line_1_5' title="bbox 227 869 1272 967; baseline 0 -26"><span class='ocrx_word' id='word_1_24' title='bbox 227 888 354 967; x_wconf 82' lang='lat' dir='ltr'><strong>potest3</strong></span> <span class='ocrx_word' id='word_1_25' title='bbox 383 873 545 965; x_wconf 83' lang='lat' dir='ltr'><strong>quoniam</strong></span> <span class='ocrx_word' id='word_1_26' title='bbox 574 869 668 953; x_wconf 76' lang='lat' dir='ltr'><strong>nefas</strong></span> <span class='ocrx_word' id='word_1_27' title='bbox 701 869 791 936; x_wconf 76' lang='lat' dir='ltr'><strong>tueri</strong></span> <span class='ocrx_word' id='word_1_28' title='bbox 810 878 960 959; x_wconf 77' lang='grc' dir='ltr'><strong>ΙΡιοιιιιι</strong></span> <span class='ocrx_word' id='word_1_29' title='bbox 975 882 1131 938; x_wconf 84' lang='lat' dir='ltr'><strong>enatura</strong></span> <span class='ocrx_word' id='word_1_30' title='bbox 1154 873 1272 944; x_wconf 76' lang='lat' dir='ltr'><strong>diiina</strong></span> 
     </span>
     <span class='ocr_line' id='line_1_6' title="bbox 226 956 1272 1065; baseline 0.001 -22"><span class='ocrx_word' id='word_1_31' title='bbox 226 978 397 1064; x_wconf 81' lang='lat' dir='ltr'><strong>abhorret.</strong></span> <span class='ocrx_word' id='word_1_32' title='bbox 442 975 593 1065; x_wconf 77' lang='lat' dir='ltr'><strong>Quodsi</strong></span> <span class='ocrx_word' id='word_1_33' title='bbox 616 997 699 1040; x_wconf 86' lang='lat' dir='ltr'><strong>vero</strong></span> <span class='ocrx_word' id='word_1_34' title='bbox 723 971 795 1058; x_wconf 86' lang='lat' dir='ltr'><strong>quis</strong></span> <span class='ocrx_word' id='word_1_35' title='bbox 816 979 955 1058; x_wconf 87' lang='lat' dir='ltr'><strong>poetam</strong></span> <span class='ocrx_word' id='word_1_36' title='bbox 965 969 1013 1037; x_wconf 83' lang='lat' dir='ltr'><strong>ita</strong></span> <span class='ocrx_word' id='word_1_37' title='bbox 1026 956 1160 1041; x_wconf 83' lang='lat' dir='ltr'><strong>defendi</strong></span> <span class='ocrx_word' id='word_1_38' title='bbox 1172 1000 1272 1065; x_wconf 86' lang='lat' dir='ltr'><strong>posse</strong></span> 
     </span>
     <span class='ocr_line' id='line_1_7' title="bbox 226 1073 1325 1196; baseline -0.002 -49"><span class='ocrx_word' id='word_1_39' title='bbox 226 1081 432 1158; x_wconf 82' lang='lat' dir='ltr'><strong>existimet,</strong></span> <span class='ocrx_word' id='word_1_40' title='bbox 435 1088 475 1141; x_wconf 90' lang='lat' dir='ltr'><strong>ut</strong></span> <span class='ocrx_word' id='word_1_41' title='bbox 490 1079 604 1155; x_wconf 79' lang='lat' dir='ltr'><strong>Deum</strong></span> <span class='ocrx_word' id='word_1_42' title='bbox 612 1077 765 1167; x_wconf 87' lang='lat' dir='ltr'><strong>pejorem</strong></span> <span class='ocrx_word' id='word_1_43' title='bbox 780 1073 930 1139; x_wconf 86' lang='lat' dir='ltr'><strong>Caesaris</strong></span> <span class='ocrx_word' id='word_1_44' title='bbox 945 1097 1095 1141; x_wconf 76' lang='lat' dir='ltr'><strong>caussam</strong></span> <span class='ocrx_word' id='word_1_45' title='bbox 1108 1076 1156 1143; x_wconf 88' lang='lat' dir='ltr'><strong>ita</strong></span> <span class='ocrx_word' id='word_1_46' title='bbox 1169 1079 1325 1196; x_wconf 78' lang='lat' dir='ltr'><strong>plane</strong></span> 
     </span>
    </p>
   </div>
   <div class='ocr_carea' id='block_1_5' title="bbox 121 1166 1337 1266">
    <p class='ocr_par' dir='ltr' id='par_1_5' title="bbox 121 1166 1337 1266">
     <span class='ocr_line' id='line_1_8' title="bbox 121 1166 1337 1266; baseline -0.002 -18"><span class='ocrx_word' id='word_1_47' title='bbox 121 1174 128 1181; x_wconf 49' lang='lat'>⁸</span> <span class='ocrx_word' id='word_1_48' title='bbox 227 1182 356 1248; x_wconf 88' lang='lat' dir='ltr'><strong>tuitum</strong></span> <span class='ocrx_word' id='word_1_49' title='bbox 390 1181 533 1261; x_wconf 83' lang='lat' dir='ltr'><strong>dixerit,</strong></span> <span class='ocrx_word' id='word_1_50' title='bbox 578 1175 864 1266; x_wconf 81' lang='lat' dir='ltr'><strong>quemadmodum</strong></span> <span class='ocrx_word' id='word_1_51' title='bbox 894 1178 985 1244; x_wconf 82' lang='lat' dir='ltr'><strong>mala</strong></span> <span class='ocrx_word' id='word_1_52' title='bbox 1023 1179 1132 1245; x_wconf 85' lang='lat' dir='ltr'><strong>multa</strong></span> <span class='ocrx_word' id='word_1_53' title='bbox 1170 1166 1337 1266; x_wconf 88' lang='lat' dir='ltr'><strong>atque</strong></span> 
     </span>
    </p>
   </div>
   <div class='ocr_carea' id='block_1_6' title="bbox 191 1278 1277 1581">
    <p class='ocr_par' dir='ltr' id='par_1_6' title="bbox 191 1278 1277 1581">
     <span class='ocr_line' id='line_1_9' title="bbox 225 1278 1277 1372; baseline -0.007 -18"><span class='ocrx_word' id='word_1_54' title='bbox 225 1287 352 1354; x_wconf 82' lang='lat' dir='ltr'><strong>scelera</strong></span> <span class='ocrx_word' id='word_1_55' title='bbox 375 1282 449 1351; x_wconf 81' lang='lat' dir='ltr'><strong>fieri</strong></span> <span class='ocrx_word' id='word_1_56' title='bbox 470 1281 715 1372; x_wconf 85' lang='lat' dir='ltr'><strong>sapientissimo</strong></span> <span class='ocrx_word' id='word_1_57' title='bbox 743 1279 872 1370; x_wconf 87' lang='lat' dir='ltr'><strong>patitur</strong></span> <span class='ocrx_word' id='word_1_58' title='bbox 892 1278 1048 1359; x_wconf 90' lang='lat' dir='ltr'><strong>oonsilio,</strong></span> <span class='ocrx_word' id='word_1_59' title='bbox 1076 1303 1277 1368; x_wconf 69' lang='lat' dir='ltr'><strong>quanquam,</strong></span> 
     </span>
     <span class='ocr_line' id='line_1_10' title="bbox 225 1380 1275 1471; baseline -0.007 -17"><span class='ocrx_word' id='word_1_60' title='bbox 225 1400 358 1471; x_wconf 79' lang='lat' dir='ltr'><strong>nonest</strong></span> <span class='ocrx_word' id='word_1_61' title='bbox 379 1386 578 1465; x_wconf 86' lang='lat' dir='ltr'><strong>obscurum,</strong></span> <span class='ocrx_word' id='word_1_62' title='bbox 601 1382 738 1470; x_wconf 90' lang='lat' dir='ltr'><strong>quidde</strong></span> <span class='ocrx_word' id='word_1_63' title='bbox 752 1402 853 1451; x_wconf 87' lang='lat' dir='ltr'><strong>versu</strong></span> <span class='ocrx_word' id='word_1_64' title='bbox 870 1380 1085 1471; x_wconf 85' lang='lat' dir='ltr'><strong>sentiendum</strong></span> <span class='ocrx_word' id='word_1_65' title='bbox 1102 1382 1154 1466; x_wconf 91' lang='lat' dir='ltr'><strong>sit,</strong></span> <span class='ocrx_word' id='word_1_66' title='bbox 1171 1404 1275 1469; x_wconf 79' lang='lat' dir='ltr'><strong>quem</strong></span> 
     </span>
     <span class='ocr_line' id='line_1_11' title="bbox 191 1481 1275 1581; baseline -0.006 -26"><span class='ocrx_word' id='word_1_67' title='bbox 191 1518 196 1522; x_wconf 93' lang='grc'><em>·</em></span> <span class='ocrx_word' id='word_1_68' title='bbox 223 1502 327 1581; x_wconf 79' lang='lat' dir='ltr'><strong>‘poeta</strong></span> <span class='ocrx_word' id='word_1_69' title='bbox 347 1490 419 1578; x_wconf 87' lang='lat' dir='ltr'><strong>ipse</strong></span> <span class='ocrx_word' id='word_1_70' title='bbox 440 1488 567 1555; x_wconf 87' lang='lat' dir='ltr'><strong>censuit</strong></span> <span class='ocrx_word' id='word_1_71' title='bbox 588 1483 810 1552; x_wconf 83' lang='lat' dir='ltr'><strong>mutandum:</strong></span> <span class='ocrx_word' id='word_1_72' title='bbox 840 1481 897 1548; x_wconf 89' lang='lat' dir='ltr'><strong>sed</strong></span> <span class='ocrx_word' id='word_1_73' title='bbox 920 1482 949 1546; x_wconf 89' lang='lat' dir='ltr'><strong>si</strong></span> <span class='ocrx_word' id='word_1_74' title='bbox 970 1485 1043 1572; x_wconf 90' lang='lat' dir='ltr'><strong>quis</strong></span> <span class='ocrx_word' id='word_1_75' title='bbox 1062 1485 1109 1551; x_wconf 82' lang='lat' dir='ltr'><strong>ita</strong></span> <span class='ocrx_word' id='word_1_76' title='bbox 1124 1485 1275 1568; x_wconf 81' lang='lat' dir='ltr'><strong>accipiat,</strong></span> 
     </span>
    </p>
   </div>
   <div class='ocr_carea' id='block_1_7' title="bbox 108 1583 1278 1675">
    <p class='ocr_par' dir='ltr' id='par_1_7' title="bbox 108 1583 1278 1675">
     <span class='ocr_line' id='line_1_12' title="bbox 108 1583 1278 1675; baseline 0.003 -21"><span class='ocrx_word' id='word_1_77' title='bbox 108 1647 110 1654; x_wconf 93' lang='lat'><em>.</em></span> <span class='ocrx_word' id='word_1_78' title='bbox 185 1597 190 1603; x_wconf 82' lang='lat'>&#39;</span> <span class='ocrx_word' id='word_1_79' title='bbox 229 1606 302 1665; x_wconf 85' lang='lat' dir='ltr'><strong>tum</strong></span> <span class='ocrx_word' id='word_1_80' title='bbox 326 1603 359 1657; x_wconf 90' lang='lat' dir='ltr'><strong>et</strong></span> <span class='ocrx_word' id='word_1_81' title='bbox 384 1613 499 1657; x_wconf 86' lang='lat' dir='ltr'><strong>sensns</strong></span> <span class='ocrx_word' id='word_1_82' title='bbox 520 1587 708 1675; x_wconf 80' lang='lat' dir='ltr'><strong>frangitur,</strong></span> <span class='ocrx_word' id='word_1_83' title='bbox 745 1596 777 1650; x_wconf 86' lang='lat' dir='ltr'><strong>et</strong></span> <span class='ocrx_word' id='word_1_84' title='bbox 800 1583 850 1650; x_wconf 85' lang='lat' dir='ltr'><strong>vis</strong></span> <span class='ocrx_word' id='word_1_85' title='bbox 875 1584 1092 1674; x_wconf 86' lang='lat' dir='ltr'><strong>oppositionis</strong></span> <span class='ocrx_word' id='word_1_86' title='bbox 1120 1587 1278 1673; x_wconf 71' lang='lat' dir='ltr'><strong>diluitur,</strong></span> 
     </span>
    </p>
   </div>
   <div class='ocr_carea' id='block_1_8' title="bbox 162 1689 1275 1991">
    <p class='ocr_par' dir='ltr' id='par_1_8' title="bbox 162 1689 1275 1991">
     <span class='ocr_line' id='line_1_13' title="bbox 162 1689 679 1794; baseline -0.02 -30"><span class='ocrx_word' id='word_1_87' title='bbox 162 1764 172 1774; x_wconf 64' lang='lat'><strong><em>„</em></strong></span> <span class='ocrx_word' id='word_1_88' title='bbox 229 1695 381 1794; x_wconf 75' lang='lat' dir='ltr'><strong>adeoque</strong></span> <span class='ocrx_word' id='word_1_89' title='bbox 396 1717 464 1759; x_wconf 90' lang='lat' dir='ltr'><strong>nec</strong></span> <span class='ocrx_word' id='word_1_90' title='bbox 473 1692 590 1757; x_wconf 87' lang='lat' dir='ltr'><strong>lumen</strong></span> <span class='ocrx_word' id='word_1_91' title='bbox 605 1689 679 1756; x_wconf 85' lang='lat' dir='ltr'><strong>erit.</strong></span> 
     </span>
     <span class='ocr_line' id='line_1_14' title="bbox 230 1766 1273 1885; baseline 0 -21"><span class='ocrx_word' id='word_1_92' title='bbox 230 1812 265 1881; x_wconf 61' lang='grc' dir='ltr'>ᾗ</span> <span class='ocrx_word' id='word_1_93' title='bbox 303 1795 403 1864; x_wconf 90' lang='lat' dir='ltr'><strong>Illud</strong></span> <span class='ocrx_word' id='word_1_94' title='bbox 433 1807 546 1876; x_wconf 87' lang='lat' dir='ltr'><strong>autem</strong></span> <span class='ocrx_word' id='word_1_95' title='bbox 569 1791 687 1883; x_wconf 88' lang='lat' dir='ltr'><strong>quaeri</strong></span> <span class='ocrx_word' id='word_1_96' title='bbox 708 1787 830 1881; x_wconf 85' lang='lat' dir='ltr'><strong>possit,</strong></span> <span class='ocrx_word' id='word_1_97' title='bbox 861 1766 1025 1880; x_wconf 77' lang='lat' dir='ltr'><strong>quantem</strong></span> <span class='ocrx_word' id='word_1_98' title='bbox 1043 1794 1138 1883; x_wconf 79' lang='lat' dir='ltr'><strong>vulgi</strong></span> <span class='ocrx_word' id='word_1_99' title='bbox 1159 1793 1273 1885; x_wconf 79' lang='lat' dir='ltr'><strong>opinio</strong></span> 
     </span>
     <span class='ocr_line' id='line_1_15' title="bbox 229 1895 1275 1991; baseline 0 -26"><span class='ocrx_word' id='word_1_100' title='bbox 229 1896 462 1965; x_wconf 90' lang='lat' dir='ltr'><strong>communisve</strong></span> <span class='ocrx_word' id='word_1_101' title='bbox 493 1902 690 1986; x_wconf 84' lang='lat' dir='ltr'><strong>temporum</strong></span> <span class='ocrx_word' id='word_1_102' title='bbox 729 1895 974 1984; x_wconf 81' lang='lat' dir='ltr'><strong>hominumque</strong></span> <span class='ocrx_word' id='word_1_103' title='bbox 1010 1901 1126 1984; x_wconf 85' lang='lat' dir='ltr'><strong>religio</strong></span> <span class='ocrx_word' id='word_1_104' title='bbox 1155 1910 1275 1991; x_wconf 83' lang='lat' dir='ltr'><strong>poetae</strong></span> 
     </span>
    </p>
   </div>
   <div class='ocr_carea' id='block_1_9' title="bbox 120 1996 1274 2089">
    <p class='ocr_par' dir='ltr' id='par_1_9' title="bbox 120 1996 1274 2089">
     <span class='ocr_line' id='line_1_16' title="bbox 120 1996 1274 2089; baseline 0.001 -25"><span class='ocrx_word' id='word_1_105' title='bbox 120 2073 124 2080; x_wconf 32' lang='lat'>¹</span> <span class='ocrx_word' id='word_1_106' title='bbox 229 1998 267 2064; x_wconf 91' lang='lat' dir='ltr'><strong>in</strong></span> <span class='ocrx_word' id='word_1_107' title='bbox 284 2000 336 2063; x_wconf 89' lang='lat' dir='ltr'><strong>his</strong></span> <span class='ocrx_word' id='word_1_108' title='bbox 351 1999 452 2063; x_wconf 88' lang='lat' dir='ltr'><strong>rebus</strong></span> <span class='ocrx_word' id='word_1_109' title='bbox 467 2002 625 2067; x_wconf 84' lang='lat' dir='ltr'><strong>concedat</strong></span> <span class='ocrx_word' id='word_1_110' title='bbox 636 1996 815 2089; x_wconf 82' lang='lat' dir='ltr'><strong>licentiam,</strong></span> <span class='ocrx_word' id='word_1_111' title='bbox 835 1999 923 2064; x_wconf 81' lang='lat' dir='ltr'><strong>sitne</strong></span> <span class='ocrx_word' id='word_1_112' title='bbox 936 1998 993 2064; x_wconf 87' lang='lat' dir='ltr'><strong>illa</strong></span> <span class='ocrx_word' id='word_1_113' title='bbox 1009 2001 1154 2066; x_wconf 90' lang='lat' dir='ltr'><strong>nullis</strong></span> <span class='ocrx_word' id='word_1_114' title='bbox 1125 2025 1174 2067; x_wconf 87' lang='lat' dir='ltr'><strong>cn</strong></span> <span class='ocrx_word' id='word_1_115' title='bbox 1176 2024 1274 2066; x_wconf 85' lang='lat' dir='ltr'><strong>cum-</strong></span> 
     </span>
    </p>
   </div>
   <div class='ocr_carea' id='block_1_10' title="bbox 140 2089 1353 3444">
    <p class='ocr_par' dir='ltr' id='par_1_10' title="bbox 140 2089 1353 3414">
     <span class='ocr_line' id='line_1_17' title="bbox 143 2089 1275 2191; baseline 0.003 -27"><span class='ocrx_word' id='word_1_116' title='bbox 143 2089 174 2175; x_wconf 54' lang='lat'><strong>‚⁶</strong></span> <span class='ocrx_word' id='word_1_117' title='bbox 230 2102 355 2188; x_wconf 70' lang='lat' dir='ltr'><strong>scripta</strong></span> <span class='ocrx_word' id='word_1_118' title='bbox 376 2098 500 2164; x_wconf 87' lang='lat' dir='ltr'><strong>linibus</strong></span> <span class='ocrx_word' id='word_1_119' title='bbox 524 2125 567 2165; x_wconf 88' lang='lat' dir='ltr'><strong>an</strong></span> <span class='ocrx_word' id='word_1_120' title='bbox 589 2098 687 2165; x_wconf 83' lang='lat' dir='ltr'><strong>certis</strong></span> <span class='ocrx_word' id='word_1_121' title='bbox 708 2100 829 2184; x_wconf 81' lang='lat' dir='ltr'><strong>regulis</strong></span> <span class='ocrx_word' id='word_1_122' title='bbox 845 2099 1058 2191; x_wconf 80' lang='lat' dir='ltr'><strong>terminanda</strong></span> <span class='ocrx_word' id='word_1_123' title='bbox 1072 2101 1275 2191; x_wconf 74' lang='lat' dir='ltr'><strong>coercenda-</strong></span> 
     </span>
     <span class='ocr_line' id='line_1_18' title="bbox 140 2199 1276 2294; baseline 0.002 -27"><span class='ocrx_word' id='word_1_124' title='bbox 140 2268 144 2276; x_wconf 68' lang='grc'><strong>,</strong></span> <span class='ocrx_word' id='word_1_125' title='bbox 229 2225 297 2294; x_wconf 86' lang='lat' dir='ltr'><strong>que</strong></span> <span class='ocrx_word' id='word_1_126' title='bbox 320 2201 486 2268; x_wconf 79' lang='lat' dir='ltr'><strong>videatur.</strong></span> <span class='ocrx_word' id='word_1_127' title='bbox 528 2201 704 2286; x_wconf 86' lang='lat' dir='ltr'><strong>Atque</strong></span> <span class='ocrx_word' id='word_1_128' title='bbox 666 2221 725 2262; x_wconf 70' lang='lat' dir='ltr'><strong>eso</strong></span> <span class='ocrx_word' id='word_1_129' title='bbox 748 2199 1276 2291; x_wconf 87' lang='lat' dir='ltr'><strong>quidem,qu1dqu1dafidonon</strong></span> 
     </span>
     <span class='ocr_line' id='line_1_19' title="bbox 228 2301 1277 2398; baseline -0.002 -27"><span class='ocrx_word' id='word_1_130' title='bbox 228 2328 369 2398; x_wconf 87' lang='lat' dir='ltr'><strong>prorsus</strong></span> <span class='ocrx_word' id='word_1_131' title='bbox 386 2303 564 2369; x_wconf 79' lang='lat' dir='ltr'><strong>abhorreat</strong></span> <span class='ocrx_word' id='word_1_132' title='bbox 578 2315 637 2368; x_wconf 90' lang='lat' dir='ltr'><strong>aut</strong></span> <span class='ocrx_word' id='word_1_133' title='bbox 648 2302 714 2366; x_wconf 85' lang='lat' dir='ltr'><strong>tale</strong></span> <span class='ocrx_word' id='word_1_134' title='bbox 727 2301 781 2380; x_wconf 88' lang='lat' dir='ltr'><strong>sit,</strong></span> <span class='ocrx_word' id='word_1_135' title='bbox 788 2312 828 2366; x_wconf 91' lang='lat' dir='ltr'><strong>ut</strong></span> <span class='ocrx_word' id='word_1_136' title='bbox 842 2301 981 2387; x_wconf 85' lang='lat' dir='ltr'><strong>cogitari</strong></span> <span class='ocrx_word' id='word_1_137' title='bbox 994 2305 1094 2389; x_wconf 90' lang='lat' dir='ltr'><strong>plane</strong></span> <span class='ocrx_word' id='word_1_138' title='bbox 1108 2326 1178 2367; x_wconf 90' lang='lat' dir='ltr'><strong>non</strong></span> <span class='ocrx_word' id='word_1_139' title='bbox 1194 2326 1277 2391; x_wconf 90' lang='lat' dir='ltr'><strong>pos-</strong></span> 
     </span>
     <span class='ocr_line' id='line_1_20' title="bbox 227 2403 1276 2493; baseline -0.006 -20"><span class='ocrx_word' id='word_1_140' title='bbox 227 2408 289 2490; x_wconf 88' lang='lat' dir='ltr'><strong>sit,</strong></span> <span class='ocrx_word' id='word_1_141' title='bbox 311 2407 458 2472; x_wconf 86' lang='lat' dir='ltr'><strong>liberum</strong></span> <span class='ocrx_word' id='word_1_142' title='bbox 482 2404 588 2470; x_wconf 84' lang='lat' dir='ltr'><strong>cuivis</strong></span> <span class='ocrx_word' id='word_1_143' title='bbox 607 2403 756 2493; x_wconf 83' lang='lat' dir='ltr'><strong>fingendi</strong></span> <span class='ocrx_word' id='word_1_144' title='bbox 779 2403 955 2469; x_wconf 84' lang='lat' dir='ltr'><strong>dicendive</strong></span> <span class='ocrx_word' id='word_1_145' title='bbox 976 2416 1061 2493; x_wconf 86' lang='lat' dir='ltr'><strong>puto</strong></span> <span class='ocrx_word' id='word_1_146' title='bbox 1076 2403 1276 2480; x_wconf 78' lang='lat' dir='ltr'><strong>arbitrium:</strong></span> 
     </span>
     <span class='ocr_line' id='line_1_21' title="bbox 228 2506 1275 2613; baseline -0.002 -37"><span class='ocrx_word' id='word_1_147' title='bbox 228 2522 347 2576; x_wconf 85' lang='lat' dir='ltr'><strong>contra</strong></span> <span class='ocrx_word' id='word_1_148' title='bbox 371 2530 453 2572; x_wconf 88' lang='lat' dir='ltr'><strong>vero</strong></span> <span class='ocrx_word' id='word_1_149' title='bbox 469 2528 554 2593; x_wconf 90' lang='lat' dir='ltr'><strong>quae</strong></span> <span class='ocrx_word' id='word_1_150' title='bbox 578 2507 641 2573; x_wconf 90' lang='lat' dir='ltr'><strong>etsi</strong></span> <span class='ocrx_word' id='word_1_151' title='bbox 668 2506 844 2593; x_wconf 49' lang='lat' dir='ltr'><strong>¹verissima</strong></span> <span class='ocrx_word' id='word_1_152' title='bbox 874 2506 1077 2594; x_wconf 85' lang='lat' dir='ltr'><strong>divinaeque</strong></span> <span class='ocrx_word' id='word_1_153' title='bbox 1103 2507 1275 2613; x_wconf 76' lang='lat' dir='ltr'><strong>religionis</strong></span> 
     </span>
     <span class='ocr_line' id='line_1_22' title="bbox 228 2607 1316 2708; baseline -0.004 -28"><span class='ocrx_word' id='word_1_154' title='bbox 228 2607 402 2700; x_wconf 72' lang='lat' dir='ltr'><strong>mysteriis</strong></span> <span class='ocrx_word' id='word_1_155' title='bbox 426 2622 635 2695; x_wconf 83' lang='lat' dir='ltr'><strong>consecrata,</strong></span> <span class='ocrx_word' id='word_1_156' title='bbox 669 2630 767 2674; x_wconf 89' lang='lat' dir='ltr'><strong>mens</strong></span> <span class='ocrx_word' id='word_1_157' title='bbox 789 2621 904 2676; x_wconf 87' lang='lat' dir='ltr'><strong>tamen</strong></span> <span class='ocrx_word' id='word_1_158' title='bbox 926 2613 1055 2700; x_wconf 83' lang='lat' dir='ltr'><strong>assequi</strong></span> <span class='ocrx_word' id='word_1_159' title='bbox 1078 2608 1316 2708; x_wconf 71' lang='lat' dir='ltr'><strong>cogitatione</strong></span> 
     </span>
     <span class='ocr_line' id='line_1_23' title="bbox 228 2694 1275 2817; baseline -0.002 -35"><span class='ocrx_word' id='word_1_160' title='bbox 228 2738 302 2783; x_wconf 89' lang='grc' dir='ltr'>ιιοιι</span> <span class='ocrx_word' id='word_1_161' title='bbox 328 2722 453 2803; x_wconf 87' lang='lat' dir='ltr'><strong>potest,</strong></span> <span class='ocrx_word' id='word_1_162' title='bbox 489 2710 720 2801; x_wconf 82' lang='lat' dir='ltr'><strong>ab·&#39;11suttque</strong></span> <span class='ocrx_word' id='word_1_163' title='bbox 735 2713 974 2783; x_wconf 85' lang='lat' dir='ltr'><strong>abstinendum</strong></span> <span class='ocrx_word' id='word_1_164' title='bbox 1000 2694 1120 2802; x_wconf 80' lang='lat' dir='ltr'><strong>poetae</strong></span> <span class='ocrx_word' id='word_1_165' title='bbox 1144 2738 1275 2817; x_wconf 81' lang='lat' dir='ltr'><strong>conseo.</strong></span> 
     </span>
     <span class='ocr_line' id='line_1_24' title="bbox 227 2782 1275 2903; baseline 0.001 -21"><span class='ocrx_word' id='word_1_166' title='bbox 227 2818 348 2903; x_wconf 88' lang='lat' dir='ltr'><strong>Itaque</strong></span> <span class='ocrx_word' id='word_1_167' title='bbox 368 2782 529 2901; x_wconf 85' lang='lat' dir='ltr'><strong>quidquid</strong></span> <span class='ocrx_word' id='word_1_168' title='bbox 558 2827 690 2880; x_wconf 87' lang='lat' dir='ltr'><strong>veteres</strong></span> <span class='ocrx_word' id='word_1_169' title='bbox 707 2815 775 2879; x_wconf 93' lang='lat' dir='ltr'><strong>suis</strong></span> <span class='ocrx_word' id='word_1_170' title='bbox 801 2814 1016 2900; x_wconf 86' lang='lat' dir='ltr'><strong>religionibus</strong></span> <span class='ocrx_word' id='word_1_171' title='bbox 1037 2839 1121 2882; x_wconf 76' lang='lat' dir='ltr'><strong>cont</strong></span> <span class='ocrx_word' id='word_1_172' title='bbox 1123 2814 1275 2883; x_wconf 79' lang='lat' dir='ltr'><strong>amenter</strong></span> 
     </span>
     <span class='ocr_line' id='line_1_25' title="bbox 192 2915 1275 3008; baseline -0.002 -19"><span class='ocrx_word' id='word_1_173' title='bbox 192 2960 198 2969; x_wconf 94' lang='lat'><em>·</em></span> <span class='ocrx_word' id='word_1_174' title='bbox 228 2918 419 3001; x_wconf 74' lang='lat' dir='ltr'><strong>fluxerunt,</strong></span> <span class='ocrx_word' id='word_1_175' title='bbox 442 2915 595 3007; x_wconf 83' lang='lat' dir='ltr'><strong>quamvis</strong></span> <span class='ocrx_word' id='word_1_176' title='bbox 619 2929 652 2982; x_wconf 88' lang='lat' dir='ltr'><strong>et</strong></span> <span class='ocrx_word' id='word_1_177' title='bbox 667 2916 782 2982; x_wconf 87' lang='lat' dir='ltr'><strong>falsa&#39;</strong></span> <span class='ocrx_word' id='word_1_178' title='bbox 772 2940 810 2982; x_wconf 91' lang='grc' dir='ltr'><strong>ιιι</strong></span> <span class='ocrx_word' id='word_1_179' title='bbox 836 2939 872 2980; x_wconf 91' lang='lat' dir='ltr'><strong>se</strong></span> <span class='ocrx_word' id='word_1_180' title='bbox 894 2926 927 2980; x_wconf 88' lang='lat' dir='ltr'><strong>et</strong></span> <span class='ocrx_word' id='word_1_181' title='bbox 947 2917 1093 2986; x_wconf 88' lang='lat' dir='ltr'><strong>absurda</strong></span> <span class='ocrx_word' id='word_1_182' title='bbox 1119 2943 1191 2985; x_wconf 84' lang='lat' dir='ltr'><strong>esse</strong></span> <span class='ocrx_word' id='word_1_183' title='bbox 1205 2944 1275 3008; x_wconf 86' lang='lat' dir='ltr'><strong>non</strong></span> 
     </span>
     <span class='ocr_line' id='line_1_26' title="bbox 229 3016 1275 3108; baseline 0.001 -21"><span class='ocrx_word' id='word_1_184' title='bbox 229 3021 396 3108; x_wconf 81' lang='lat' dir='ltr'><strong>ignorem,</strong></span> <span class='ocrx_word' id='word_1_185' title='bbox 417 3018 458 3083; x_wconf 91' lang='lat' dir='ltr'><strong>iis</strong></span> <span class='ocrx_word' id='word_1_186' title='bbox 474 3029 586 3083; x_wconf 88' lang='lat' dir='ltr'><strong>tamen</strong></span> <span class='ocrx_word' id='word_1_187' title='bbox 599 3016 753 3083; x_wconf 84' lang='lat' dir='ltr'><strong>offendor</strong></span> <span class='ocrx_word' id='word_1_188' title='bbox 767 3017 918 3101; x_wconf 88' lang='lat' dir='ltr'><strong>minime,</strong></span> <span class='ocrx_word' id='word_1_189' title='bbox 941 3021 1101 3086; x_wconf 89' lang='lat' dir='ltr'><strong>modone</strong></span> <span class='ocrx_word' id='word_1_190' title='bbox 1115 3023 1275 3088; x_wconf 86' lang='lat' dir='ltr'><strong>aberrent</strong></span> 
     </span>
     <span class='ocr_line' id='line_1_27' title="bbox 230 3119 1276 3208; baseline -0.002 -17"><span class='ocrx_word' id='word_1_191' title='bbox 230 3125 290 3191; x_wconf 81' lang='lat' dir='ltr'><strong>vel</strong></span> <span class='ocrx_word' id='word_1_192' title='bbox 308 3147 329 3188; x_wconf 90' lang='lat' dir='ltr'><strong>a</strong></span> <span class='ocrx_word' id='word_1_193' title='bbox 357 3119 489 3208; x_wconf 83' lang='lat' dir='ltr'><strong>vulgari</strong></span> <span class='ocrx_word' id='word_1_194' title='bbox 517 3119 697 3184; x_wconf 88' lang='lat' dir='ltr'><strong>hominum</strong></span> <span class='ocrx_word' id='word_1_195' title='bbox 725 3119 851 3206; x_wconf 84' lang='lat' dir='ltr'><strong>judicio</strong></span> <span class='ocrx_word' id='word_1_196' title='bbox 879 3121 936 3186; x_wconf 87' lang='lat' dir='ltr'><strong>vel</strong></span> <span class='ocrx_word' id='word_1_197' title='bbox 961 3121 1015 3186; x_wconf 83' lang='lat' dir='ltr'><strong>&#39;ab</strong></span> <span class='ocrx_word' id='word_1_198' title='bbox 1031 3146 1194 3192; x_wconf 89' lang='lat' dir='ltr'><strong>sensuum</strong></span> <span class='ocrx_word' id='word_1_199' title='bbox 1215 3124 1276 3192; x_wconf 82' lang='lat' dir='ltr'><strong>au&#39;t</strong></span> 
     </span>
     <span class='ocr_line' id='line_1_28' title="bbox 231 3219 1353 3327; baseline -0.003 -37"><span class='ocrx_word' id='word_1_200' title='bbox 231 3223 428 3316; x_wconf 73' lang='lat' dir='ltr'><strong>phantasiae</strong></span> <span class='ocrx_word' id='word_1_201' title='bbox 460 3219 711 3327; x_wconf 79' lang='lat' dir='ltr'><strong>probabilitate.</strong></span> <span class='ocrx_word' id='word_1_202' title='bbox 774 3223 893 3310; x_wconf 86' lang='lat' dir='ltr'><strong>Neque</strong></span> <span class='ocrx_word' id='word_1_203' title='bbox 932 3222 1024 3289; x_wconf 92' lang='lat' dir='ltr'><strong>enim</strong></span> <span class='ocrx_word' id='word_1_204' title='bbox 1051 3227 1353 3316; x_wconf 38' lang='lat' dir='ltr'><strong>philosopha-1</strong></span> 
     </span>
     <span class='ocr_line' id='line_1_29' title="bbox 231 3307 1276 3444; baseline -0.001 -49"><span class='ocrx_word' id='word_1_205' title='bbox 231 3351 322 3409; x_wconf 80' lang='lat' dir='ltr'><strong>mur,</strong></span> <span class='ocrx_word' id='word_1_206' title='bbox 339 3327 421 3392; x_wconf 91' lang='lat' dir='ltr'><strong>dum</strong></span> <span class='ocrx_word' id='word_1_207' title='bbox 435 3335 513 3414; x_wconf 88' lang='lat' dir='ltr'><strong>poet</strong></span> <span class='ocrx_word' id='word_1_208' title='bbox 516 3346 550 3388; x_wconf 93' lang='lat' dir='ltr'><strong>as</strong></span> <span class='ocrx_word' id='word_1_209' title='bbox 564 3307 718 3408; x_wconf 87' lang='lat' dir='ltr'><strong>legimus,</strong></span> <span class='ocrx_word' id='word_1_210' title='bbox 740 3346 937 3417; x_wconf 84' lang='lat' dir='ltr'><strong>verumque</strong></span> <span class='ocrx_word' id='word_1_211' title='bbox 932 3327 1026 3391; x_wconf 91' lang='lat' dir='ltr'><strong>illud</strong></span> <span class='ocrx_word' id='word_1_212' title='bbox 1042 3329 1159 3444; x_wconf 72' lang='lat' dir='ltr'><strong>quod⁸</strong></span> <span class='ocrx_word' id='word_1_213' title='bbox 1149 3352 1186 3394; x_wconf 81' lang='lat' dir='ltr'><strong>in</strong></span> <span class='ocrx_word' id='word_1_214' title='bbox 1199 3342 1276 3394; x_wconf 78' lang='lat' dir='ltr'><strong>car</strong></span> 
     </span>
    </p>
   </div>
   <div class='ocr_carea' id='block_1_11' title="bbox 125 3425 1349 3537">
    <p class='ocr_par' dir='ltr' id='par_1_11' title="bbox 125 3425 1349 3537">
     <span class='ocr_line' id='line_1_30' title="bbox 125 3425 1349 3537; baseline 0.002 -41"><span class='ocrx_word' id='word_1_215' title='bbox 125 3491 127 3496; x_wconf 81' lang='grc'>,</span> <span class='ocrx_word' id='word_1_216' title='bbox 232 3426 380 3496; x_wconf 89' lang='lat' dir='ltr'><strong>minibus</strong></span> <span class='ocrx_word' id='word_1_217' title='bbox 400 3425 601 3537; x_wconf 81' lang='lat' dir='ltr'><strong>requiritur,</strong></span> <span class='ocrx_word' id='word_1_218' title='bbox 623 3448 694 3492; x_wconf 90' lang='lat' dir='ltr'><strong>non</strong></span> <span class='ocrx_word' id='word_1_219' title='bbox 716 3426 848 3497; x_wconf 77' lang='lat' dir='ltr'><strong>ratione</strong></span> <span class='ocrx_word' id='word_1_220' title='bbox 869 3427 1031 3494; x_wconf 89' lang='lat' dir='ltr'><strong>metimur</strong></span> <span class='ocrx_word' id='word_1_221' title='bbox 1053 3431 1159 3516; x_wconf 84' lang='lat' dir='ltr'><strong>magis</strong></span> <span class='ocrx_word' id='word_1_222' title='bbox 1175 3452 1276 3516; x_wconf 90' lang='lat' dir='ltr'><strong>quam</strong></span> <span class='ocrx_word' id='word_1_223' title='bbox 1344 3480 1349 3499; x_wconf 87' lang='lat'><strong>-.</strong></span> 
     </span>
    </p>
   </div>
   <div class='ocr_carea' id='block_1_12' title="bbox 233 3517 1353 3722">
    <p class='ocr_par' dir='ltr' id='par_1_12' title="bbox 233 3517 1353 3722">
     <span class='ocr_line' id='line_1_31' title="bbox 233 3517 1277 3617; baseline 0.003 -22"><span class='ocrx_word' id='word_1_224' title='bbox 233 3551 342 3595; x_wconf 84' lang='lat' dir='ltr'><strong>sensu.</strong></span> <span class='ocrx_word' id='word_1_225' title='bbox 385 3517 577 3596; x_wconf 87' lang='lat' dir='ltr'><strong>Pluiimum</strong></span> <span class='ocrx_word' id='word_1_226' title='bbox 603 3550 706 3594; x_wconf 83' lang='lat' dir='ltr'><strong>vero</strong></span> <span class='ocrx_word' id='word_1_227' title='bbox 716 3528 872 3594; x_wconf 87' lang='lat' dir='ltr'><strong>offendor</strong></span> <span class='ocrx_word' id='word_1_228' title='bbox 900 3541 1079 3616; x_wconf 88' lang='lat' dir='ltr'><strong>poetarum</strong></span> <span class='ocrx_word' id='word_1_229' title='bbox 1109 3533 1277 3617; x_wconf 79' lang='lat' dir='ltr'><strong>quoium‘</strong></span> 
     </span>
     <span class='ocr_line' id='line_1_32' title="bbox 236 3608 1353 3722; baseline 0.005 -26"><span class='ocrx_word' id='word_1_230' title='bbox 236 3632 319 3697; x_wconf 90' lang='lat' dir='ltr'><strong>dam</strong></span> <span class='ocrx_word' id='word_1_231' title='bbox 327 3631 600 3699; x_wconf 85' lang='lat' dir='ltr'><strong>Christianorum</strong></span> <span class='ocrx_word' id='word_1_232' title='bbox 612 3608 758 3711; x_wconf 75' lang='lat' dir='ltr'><strong>licentia,</strong></span> <span class='ocrx_word' id='word_1_233' title='bbox 780 3628 839 3715; x_wconf 92' lang='lat' dir='ltr'><strong>qui</strong></span> <span class='ocrx_word' id='word_1_234' title='bbox 861 3653 904 3695; x_wconf 81' lang='lat' dir='ltr'><strong>ex</strong></span> <span class='ocrx_word' id='word_1_235' title='bbox 917 3632 1079 3717; x_wconf 88' lang='lat' dir='ltr'><strong>religione</strong></span> <span class='ocrx_word' id='word_1_236' title='bbox 1091 3656 1160 3716; x_wconf 90' lang='lat' dir='ltr'><strong>sua,</strong></span> <span class='ocrx_word' id='word_1_237' title='bbox 1182 3639 1276 3722; x_wconf 87' lang='lat' dir='ltr'><strong>cujus</strong></span> <span class='ocrx_word' id='word_1_238' title='bbox 1350 3657 1353 3661; x_wconf 84' lang='grc'>’</span> 
     </span>
    </p>
   </div>
   <div class='ocr_carea' id='block_1_13' title="bbox 128 3720 1275 3824">
    <p class='ocr_par' dir='ltr' id='par_1_13' title="bbox 128 3720 1275 3824">
     <span class='ocr_line' id='line_1_33' title="bbox 128 3720 1275 3824; baseline 0.001 -24"><span class='ocrx_word' id='word_1_239' title='bbox 128 3814 135 3822; x_wconf 24' lang='grc' dir='ltr'>ι</span> <span class='ocrx_word' id='word_1_240' title='bbox 235 3728 361 3824; x_wconf 80' lang='lat' dir='ltr'><strong>partim</strong></span> <span class='ocrx_word' id='word_1_241' title='bbox 383 3720 495 3800; x_wconf 88' lang='lat' dir='ltr'><strong>divina</strong></span> <span class='ocrx_word' id='word_1_242' title='bbox 515 3729 726 3822; x_wconf 85' lang='lat' dir='ltr'><strong>simplicitas,</strong></span> <span class='ocrx_word' id='word_1_243' title='bbox 753 3731 882 3818; x_wconf 85' lang='lat' dir='ltr'><strong>partim</strong></span> <span class='ocrx_word' id='word_1_244' title='bbox 901 3744 1021 3821; x_wconf 86' lang='lat' dir='ltr'><strong>august</strong></span> <span class='ocrx_word' id='word_1_245' title='bbox 1023 3758 1043 3799; x_wconf 91' lang='lat' dir='ltr'><strong>a</strong></span> <span class='ocrx_word' id='word_1_246' title='bbox 1065 3739 1275 3812; x_wconf 82' lang='lat' dir='ltr'><strong>venerandae</strong></span> 
     </span>
    </p>
   </div>
   <div class='ocr_carea' id='block_1_14' title="bbox 113 3832 1350 4133">
    <p class='ocr_par' dir='ltr' id='par_1_14' title="bbox 113 3832 1350 4131">
     <span class='ocr_line' id='line_1_34' title="bbox 113 3832 1350 3935; baseline 0.002 -33"><span class='ocrx_word' id='word_1_247' title='bbox 113 3914 117 3919; x_wconf 26' lang='grc' dir='ltr'>Ι</span> <span class='ocrx_word' id='word_1_248' title='bbox 238 3836 450 3903; x_wconf 82' lang='lat' dir='ltr'><strong>obscuritatis</strong></span> <span class='ocrx_word' id='word_1_249' title='bbox 464 3834 588 3924; x_wconf 85' lang='lat' dir='ltr'><strong>species</strong></span> <span class='ocrx_word' id='word_1_250' title='bbox 602 3845 799 3900; x_wconf 85' lang='lat' dir='ltr'><strong>ornamenta</strong></span> <span class='ocrx_word' id='word_1_251' title='bbox 811 3833 942 3922; x_wconf 88' lang='lat' dir='ltr'><strong>poetica</strong></span> <span class='ocrx_word' id='word_1_252' title='bbox 957 3832 1046 3901; x_wconf 82' lang='lat' dir='ltr'><strong>seue</strong></span> <span class='ocrx_word' id='word_1_253' title='bbox 1061 3850 1202 3933; x_wconf 79' lang='lat' dir='ltr'><strong>recusat,</strong></span> <span class='ocrx_word' id='word_1_254' title='bbox 1217 3839 1275 3935; x_wconf 84' lang='lat' dir='ltr'><strong>in·</strong></span> <span class='ocrx_word' id='word_1_255' title='bbox 1281 3860 1294 3899; x_wconf 64' lang='grc' dir='ltr'><strong>τ</strong></span> <span class='ocrx_word' id='word_1_256' title='bbox 1345 3870 1350 3921; x_wconf 75' lang='grc'><strong>,·</strong></span> 
     </span>
     <span class='ocr_line' id='line_1_35' title="bbox 186 3935 1275 4054; baseline 0 -50"><span class='ocrx_word' id='word_1_257' title='bbox 186 3955 188 3958; x_wconf 76' lang='grc'>’</span> <span class='ocrx_word' id='word_1_258' title='bbox 235 3936 371 4006; x_wconf 77' lang='lat' dir='ltr'><strong>lordum</strong></span> <span class='ocrx_word' id='word_1_259' title='bbox 383 3960 424 4005; x_wconf 86' lang='lat' dir='ltr'><strong>ea</strong></span> <span class='ocrx_word' id='word_1_260' title='bbox 431 3939 663 4054; x_wconf 75' lang='lat' dir='ltr'><strong>depromunt,</strong></span> <span class='ocrx_word' id='word_1_261' title='bbox 686 3960 772 4025; x_wconf 89' lang='lat' dir='ltr'><strong>quae</strong></span> <span class='ocrx_word' id='word_1_262' title='bbox 786 3935 894 4004; x_wconf 82' lang='lat' dir='ltr'><strong>tacita</strong></span> <span class='ocrx_word' id='word_1_263' title='bbox 900 3936 969 4003; x_wconf 86' lang='lat' dir='ltr'><strong>lide</strong></span> <span class='ocrx_word' id='word_1_264' title='bbox 990 3939 1156 4008; x_wconf 83' lang='lat' dir='ltr'><strong>credenda</strong></span> <span class='ocrx_word' id='word_1_265' title='bbox 1170 3942 1275 4028; x_wconf 82' lang='lat' dir='ltr'><strong>suspi-</strong></span> 
     </span>
     <span class='ocr_line' id='line_1_36' title="bbox 237 4016 1320 4133; baseline 0.001 -23"><span class='ocrx_word' id='word_1_266' title='bbox 237 4041 434 4131; x_wconf 74' lang='lat' dir='ltr'><strong>ciendaque,</strong></span> <span class='ocrx_word' id='word_1_267' title='bbox 456 4063 662 4124; x_wconf 74' lang='lat' dir='ltr'><strong>acuminum</strong></span> <span class='ocrx_word' id='word_1_268' title='bbox 652 4016 853 4111; x_wconf 80' lang='lat' dir='ltr'><strong>hominnm</strong></span> <span class='ocrx_word' id='word_1_269' title='bbox 865 4041 991 4128; x_wconf 88' lang='lat' dir='ltr'><strong>judicio</strong></span> <span class='ocrx_word' id='word_1_270' title='bbox 1006 4055 1041 4111; x_wconf 87' lang='lat' dir='ltr'><strong>et</strong></span> <span class='ocrx_word' id='word_1_271' title='bbox 1042 4042 1275 4133; x_wconf 78' lang='lat' dir='ltr'><strong>intelligentia</strong></span> <span class='ocrx_word' id='word_1_272' title='bbox 1313 4061 1320 4069; x_wconf 84' lang='lat'>&#39;</span> 
     </span>
    </p>
   </div>
   <div class='ocr_carea' id='block_1_15' title="bbox 0 0 1368 4636">
    <p class='ocr_par' dir='ltr' id='par_1_15' title="bbox 0 0 1368 4636">
     <span class='ocr_line' id='line_1_37' title="bbox 0 0 1368 4636; baseline 0 0"><span class='ocrx_word' id='word_1_273' title='bbox 0 0 1368 4636; x_wconf 95' lang='lat' dir='ltr'><strong> </strong></span> 
     </span>
    </p>
   </div>
  </div>
 </body>
</html>
