2708 4636
598 1030 645 1114 P.
683 1029 716 1114 1.

136 1324 291 1476 ‘Quum
302 1372 474 1462 praeclare
486 1366 609 1436 habeat
620 1363 790 1455 permulta
807 1357 922 1426 Ovidii
940 1375 1077 1424 carmen
1088 1354 1185 1440 illud,

144 1478 234 1566 quod
256 1476 378 1542 dicitur
399 1468 734 1557 Metamorphoseon,
773 1477 847 1535 tum
866 1463 1022 1550 equidem
1038 1461 1189 1531 maxime

146 1580 295 1645 delector
306 1578 359 1658 iis,
374 1575 493 1664 quibus
506 1571 654 1656 aliquam
668 1579 756 1634 certe
769 1567 940 1633 doctrinae
951 1565 1191 1654 Pythagoricae

143 1696 277 1774 partem
302 1681 370 1746 fuit
399 1674 590 1765 amplexus.
632 1671 768 1744 Etenim
793 1680 928 1760 poetam
950 1681 1191 1756 argumentum

144 1808 311 1874 perquam
333 1804 437 1870 grave
457 1777 610 1844 versibus
630 1775 679 1841 sic
702 1796 882 1841 exornasse
903 1774 1054 1862 reperio,
1077 1785 1117 1838 ut
1132 1795 1193 1838 re-

142 1908 225 1952 rum
247 1886 501 1970 dignitatem²ao
522 1880 656 1966 pondus
672 1875 826 1943 oratione
846 1875 981 1965 penitus
995 1874 1038 1941 sit
1050 1876 1195 1943 adsecu-

146 2002 213 2052 tus.
257 1985 381 2066 Atque,
403 1981 495 2064 quod
508 1979 630 2045 merito
649 1978 793 2056 mireris,
815 2002 886 2045 non
903 1977 1005 2044 modo
1021 1979 1076 2043 hic
1091 1974 1196 2046 habet
1289 2034 1292 2041 .

147 2086 218 2165 illa,
240 2082 362 2169 quibus
376 2101 512 2166 semper
533 2078 691 2157 abundat,
714 2079 945 2144 admirabilem
960 2081 1196 2166 scilicetinge-

149 2185 198 2253 nii
210 2184 411 2262 ubertatem,
431 2199 600 2261 summam
617 2176 816 2263 elegantiam
831 2201 869 2243 ac
883 2177 1095 2262 suavitatem,
1116 2192 1198 2249 tan-

149 2298 225 2354 tum
246 2283 390 2372 denique
412 2292 491 2345 eum
510 2278 755 2346 sententiarum
778 2291 853 2347 tum
872 2301 1095 2345 numerorum
1113 2280 1201 2348 faoi-

149 2389 291 2467 litatem,
311 2398 352 2451 ut
366 2395 487 2472 sponte
503 2383 641 2469 quaevis
654 2395 744 2466 nata,
766 2407 835 2451 non
850 2384 1000 2470 quaesita
1014 2406 1125 2470 neque
1139 2408 1201 2450 ar·

151 2503 188 2557 te
210 2489 398 2580 composita
412 2487 608 2570 videantur,
630 2499 703 2553 tum
718 2497 753 2552 et
768 2487 861 2553 vitiis
875 2500 967 2551 caret
978 2487 1054 2570 illis,
1077 2488 1201 2585 quibus

102 2653 105 2660 .
131 2591 419 2684 pulcherrimum
442 2613 526 2679 opus
544 2591 723 2680 permultis
744 2614 824 2656 sane
844 2590 927 2657 locis
949 2589 1113 2659 infectum
1130 2612 1203 2656 esse
1246 2589 1249 2596 '

150 2697 296 2760 constat.
339 2694 428 2759 Nam
446 2695 528 2758 inde
549 2717 569 2759 a
589 2718 622 2760 v.
645 2691 696 2758 60.
720 2715 829 2781 usque
849 2692 892 2758 ad
915 2709 988 2776 272.
1013 2716 1099 2779 quae
1123 2715 1202 2780 pars

155 2811 207 2864 est
228 2785 331 2883 hujus
350 2796 419 2861 loci
437 2797 628 2885 praecipua,
649 2796 764 2882 legens
778 2817 850 2867 neo.
874 2797 1007 2880 qualem
1022 2793 1096 2858 fere
1110 2816 1205 2877 sem-3
1260 2864 1263 2870 Α

75 2934 78 2939 ·
154 2923 239 2992 per,
262 2898 381 2987 opibus
402 2910 537 2988 praeter
559 2896 701 2962 modum
725 2896 976 2975 luxuriantem,
998 2917 1078 2977 neo,
1102 2915 1205 2980 quem

157 3003 305 3091 saepius,
327 2998 443 3086 inepte
458 2995 670 3086 ingeniosum
691 3009 752 3062 aut
764 2997 941 3087 pueriliter
956 2998 1129 3063 ludentem
1142 2997 1206 3063 de-

156 3103 351 3194 prehendo,
376 3100 432 3164 sed
451 3101 667 3184 castigatum,
688 3099 928 3181 sedsobrium,
951 3122 1031 3173 eum
1048 3092 1206 3187 denique,

157 3206 276 3292 inquo
299 3200 447 3292 plurima
468 3201 683 3286 admiranda,
705 3203 909 3292 paucissima
928 3202 1208 3293 reprehendenda

158 3307 349 3373 videantur.
395 3303 499 3393 Quod
515 3305 587 3371 sive
601 3306 736 3373 fortuna
753 3308 899 3393 quadam
913 3305 1043 3390 accidit,
1065 3307 1135 3373 sive
1150 3328 1209 3371 ar·

160 3408 309 3497 gumenti
323 3408 488 3496 gravitate
503 3405 629 3497 ingenii
644 3410 813 3476 luxuriem
831 3421 1017 3490 coercente,
1037 3431 1099 3496 ego
1116 3417 1209 3472 certe

160 3511 254 3579 hunc
274 3512 387 3576 locum
408 3509 498 3576 inter
519 3511 595 3577 illos
617 3511 749 3595 refero,
780 3536 863 3600 quos
886 3513 922 3576 in
937 3512 1063 3578 otidio
1087 3512 1209 3599 etlego
1247 3592 1253 3609 Ι

161 3613 395 3697 frequentius,
418 3624 452 3676 et
465 3613 651 3704 impensius
668 3616 841 3698 admiror·v
875 3613 1210 3704 Quumque'publice
1263 3602 1265 3607 Δ

164 3707 333 3780 scribendi
357 3711 507 3782 officium
535 3719 577 3784 ad
600 3741 657 3783 me
685 3719 858 3797 rediisset,
901 3739 975 3783 rem
999 3716 1211 3784 auditoribus

165 3815 290 3884 nostris
320 3815 409 3883 haud
441 3820 596 3887 inutilem
620 3845 675 3886 me
703 3821 875 3887 facturum
908 3844 984 3888 sum
1016 3821 1212 3906 arbitratus,

168 3921 198 3988 si
220 3920 262 3984 de
283 3919 346 3984 hoc
365 3920 439 4007 ipso
460 3926 572 4010 paullo
595 3924 730 4012 plenius
755 3924 1005 4012 disseruissem,
1026 3938 1214 4017 pactaeque
1237 3916 1239 3921 ’

170 4047 250 4091 cnm
266 4022 455 4091 doctrinam
469 4037 543 4096 tum
554 4027 731 4117 ingenium
746 4027 980 4098 declarassem.
1171 4015 1173 4019 ¹
