2708 4636
525 282 717 371 ⁸⁸⁸⁸·..152
755 304 847 361 phu·
891 303 896 315 “

172 457 275 525 etiam
295 454 465 536 Ciceronis
482 455 633 529 indolem
652 468 753 542 atque
772 456 898 546 stylum
910 455 1063 543 referat,
1092 483 1217 532 eorum

174 575 252 627 ante
274 565 355 630 alios
378 575 446 627 esto
468 561 646 647 judicium,
675 559 736 647 qui
757 571 791 626 et
810 576 945 628 sensum
967 562 1095 628 habent
1113 566 1219 651 hujus

175 663 361 751 scriptoris.¹
374 663 504 728 assidua
527 663 672 731 lectione
702 662 911 745 formatum,
940 675 1040 749 atque
1061 688 1159 732 aures
1179 671 1217 736 in

81 805 83 813 ι
125 811 133 819 -
176 765 297 856 primis
319 765 469 833 notandis
492 767 647 830 numeris
671 765 706 830 et
725 763 886 830 orationis
904 766 1032 832 ambitu
1048 773 1246 855 exercitas
1277 774 1280 781 ’

145 887 147 896 ’
178 876 242 931 tas.
280 866 438 957 Quorum
455 867 605 956 profecto
621 889 724 931 nemo
736 879 804 948 est,
827 866 884 953 qui
901 889 970 931 uon
983 871 1096 935 statim
1112 894 1221 958 agno.

179 975 252 1031 scat
275 967 375 1035 illum
396 969 566 1037 Ciceronis
586 992 735 1049 morem,
766 969 932 1056 panicula
953 972 1017 1035 aad
1030 973 1220 1041 orationem

180 1089 286 1157 prope
306 1069 643 1143 innumerabiliter
618 1095 665 1138 sic
685 1072 922 1137 continuantia.
952 1068 1132 1160 Quem
1105 1100 1134 1139 si
1158 1100 1223 1142 ex

182 1168 302 1256 amplis
315 1171 454 1241 demum
467 1189 525 1240 aut
538 1175 826 1255 illustrarevelim,
843 1187 902 1238 aut
920 1174 1099 1254 vindicare,
1113 1200 1223 1264 paene

182 1262 318 1357 ineptus
341 1273 520 1343 similla
535 1301 615 1343 vero
629 1277 788 1343 emtionis
803 1278 973 1342 institutae
987 1277 1101 1358 aliter,
1124 1280 1224 1347 aliter

184 1373 398 1442 continuatae
434 1379 656 1468 discrepantia
683 1380 800 1445 multis
829 1376 971 1448 fortasse
984 1327 1104 1464 aliqud
1128 1384 1225 1449 loco-

184 1496 266 1540 rum
282 1499 352 1543 non
370 1479 579 1547 dissimilium
594 1481 747 1569 indigere
761 1481 916 1547 videatur
930 1480 1131 1564 testimonio,
1153 1509 1225 1553 non

102 1583 109 1597 '
178 1575 266 1670 rufifl
279 1577 547 1668 intelligentibus,
563 1607 631 1669 quo
644 1584 746 1648 modo
761 1605 782 1646 a
793 1582 897 1648 servis
912 1582 1112 1649 lautioribus
1127 1609 1230 1650 com·

186 1679 400 1764 parationem
413 1686 543 1753 >ducere
563 1685 728 1775 incipiens
751 1681 888 1761 Cicero,
909 1685 952 1749 ad
976 1707 1050 1764 eos,
1073 1686 1132 1768 qui
1153 1709 1226 1755 non

187 1776 462 1854 honestissimum
484 1790 598 1854 locum
617 1784 788 1878 servitutis
809 1796 964 1868 teneant,
994 1785 1101 1852 subito
1126 1786 1232 1851 defe-

188 1892 295 1947 retur.
340 1888 412 1981 Qui
428 1890 455 1955 si
469 1890 582 1956 omnia
597 1887 783 1960 accuratius
797 1890 1007 1977 expendant,
1029 1885 1225 1972 intelligent,

189 1981 291 2050 istam
314 1990 497 2080 verborum
519 1993 624 2078 magis
647 2013 751 2077 quam
767 2012 883 2056 aerisue
900 2013 971 2055 esse
986 1987 1229 2071 diversitatem,

193 2096 292 2172 etque
321 2091 492 2160 brevitatis
519 2116 619 2161 causa
647 2095 845 2162 Ciceronem
874 2091 1036 2157 orationis
1058 2090 1232 2159 institutae

193 2188 288 2289 velut
310 2217 447 2270 cursum
470 2195 535 2265 alio
557 2197 737 2265 inflexisse.
782 2194 885 2284 Quod
904 2195 995 2261 enim
1015 2193 1235 2278 loquentibus

193 2308 265 2359 non
286 2308 368 2364 raro
387 2321 451 2367 usu
474 2300 583 2383 venit,
605 2310 643 2364 ut
663 2299 717 2381 id,
739 2298 828 2385 quod
851 2298 990 2377 volunt,
1020 2295 1233 2363 commodius

179 2414 231 2458 'se
255 2394 367 2464 dicere
386 2423 503 2490 posse,
526 2423 628 2489 quam
653 2395 864 2489 inceperant,
885 2399 1083 2478 sentientes,
1105 2397 1236 2484 inipso

162 2504 163 2509 ’
193 2500 361 2567 sermonis
380 2525 481 2570 cursu
504 2524 540 2570 se
564 2504 753 2590 corrigant,
782 2503 871 2569 idem
893 2501 948 2567 liic
967 2511 1049 2589 puto
1074 2497 1233 2567 Ciceroni

196 2595 371 2683 accidisse,
393 2617 431 2670 ut
451 2605 736 2695 comparationem
760 2604 805 2668 ita
822 2603 1002 2668 instituens
1016 2602 1236 2688 intelligeret,

195 2715 233 2759 se
255 2709 289 2763 et
307 2699 446 2772 brevius
469 2720 502 2774 et
520 2709 626 2796 magis
647 2705 895 2774 accommodate
911 2703 1005 2769 deeo
1021 2715 1154 2769 tantum
1169 2727 1248 2790 gea-

68 2864 73 2883 ,
198 2818 282 2865 uere
300 2824 478 2875 servorum
501 2832 573 2877 esse
590 2812 778 2891 dicturum,
800 2807 889 2895 quod
903 2829 1017 2893 parem
1032 2828 1111 2870 cum
1125 2805 1247 2872 stultis

163 2980 166 2987 ,
195 2899 273 3014 lllt's,
288 2907 331 2974 de
344 2911 466 2998 quibus
479 2910 690 2999 loquebatur,
707 2910 851 2978 habebat
864 2909 1103 2997 dignationem.
1128 2906 1239 2997 Quod

198 3002 227 3069 ai
249 3028 334 3076 vere
355 3013 525 3102 inceptem
547 3017 714 3082 rationem
727 3013 905 3087 tenuisset,
928 3014 1030 3101 plena
1044 3011 1149 3077 oratio
1164 3011 1237 3075 hu
1290 3072 1297 3085 ,

196 3104 381 3189 juscemodi
402 3116 590 3202 quaedam
590 3129 662 3183 erat
680 3115 803 3183 futura.
845 3110 1207 3206 „Quemadmodum
1196 3133 1236 3178 ιιι

90 3296 94 3306 ¹
199 3213 341 3302 „magua
363 3217 492 3283 familia
504 3217 581 3282 sunt
597 3219 654 3284 alii
667 3218 826 3285 lautiores
839 3218 947 3299 servi,
969 3216 1026 3281 alii
1041 3213 1153 3279 miuus
1165 3211 1238 3275 ho-

100 3360 103 3364 .
198 3315 320 3396 „nesti
340 3316 386 3384 ita
402 3322 503 3408 plane
517 3332 552 3385 et
565 3321 622 3409 isti
635 3321 854 3410 cupiditatum
868 3342 1008 3387 suarum
1025 3315 1116 3380 serui
1131 3313 1237 3382 aliam

199 3412 279 3492 „alii
299 3415 427 3488 habent
448 3422 686 3507 dignationem.
728 3422 840 3512 Atque
856 3433 895 3487 ut
914 3423 959 3496 ii,
979 3418 1038 3506 qui
1053 3415 1240 3502 signorum,

199 3514 432 3608 nebularum,
460 3525 686 3610 similiumque
706 3547 823 3590 rerum
845 3543 963 3588 curam
986 3519 1130 3599 hahent,
1164 3541 1240 3586 non

129 3654 136 3708 j
199 3613 497 3718 ,rhoueltissimum
518 3624 634 3693 Iocum
655 3627 822 3696 servitutis
836 3635 970 3701 tenent,
992 3623 1040 3686 ita
1056 3622 1158 3688 etiam
1176 3645 1240 3686 ea

200 3703 367 3801 ‚eundem
393 3752 513 3797 rerum
536 3727 652 3818 cupidi
679 3729 772 3832 istius
795 3725 964 3795 servitutis
986 3725 1104 3795 locum
1127 3742 1241 3822 paene

199 3818 380 3899 »infimum
400 3833 562 3904 obtinent.
575 3836 597 3878 ‘⁴

282 3927 356 3997 Iam
379 3955 464 3999 vero
482 3934 581 4017 haec,
604 3955 690 4020 quae
708 3953 771 3997 nos
785 3929 1038 4030 suppletimus,
1047 3929 1161 4002 facile
1173 3946 1238 4016 per

198 4042 237 4094 ae
260 4028 527 4123 intelligenda,
522 4036 687 4108 omittens
707 4031 863 4113 Cicero,
868 4053 952 4098 non
971 4031 1075 4100 modo
1100 4027 1239 4097 brevius
